
<record>
  <leader>04081cam a22005777i 4500</leader>
  <controlfield tag="001">18917486</controlfield>
  <controlfield tag="005">20200103120914.0</controlfield>
  <controlfield tag="008">150812s2015    pe a     b    000 0dspa c</controlfield>
  <datafield tag="906" ind1=" " ind2=" ">
    <subfield code="a">7</subfield>
    <subfield code="b">cbc</subfield>
    <subfield code="c">pccadap</subfield>
    <subfield code="d">2</subfield>
    <subfield code="e">ncip</subfield>
    <subfield code="f">20</subfield>
    <subfield code="g">y-gencatlg</subfield>
  </datafield>
  <datafield tag="925" ind1="0" ind2=" ">
    <subfield code="a">acquire</subfield>
    <subfield code="b">1 shelf copy</subfield>
    <subfield code="x">policy default</subfield>
  </datafield>
  <datafield tag="955" ind1=" " ind2=" ">
    <subfield code="a">bg22 2016-05-24 to ALAWE/SA</subfield>
    <subfield code="b">bc12 2017-08-09 z-processor (telework)</subfield>
    <subfield code="i">bc12 2017-08-14 (telework)</subfield>
    <subfield code="e">bc12 2017-08-17 to BCCD (ABACheck &amp; Labeled)</subfield>
    <subfield code="a">bg09 2017-08-30 changed AAP</subfield>
  </datafield>
  <datafield tag="010" ind1=" " ind2=" ">
    <subfield code="a">  2016392420</subfield>
  </datafield>
  <datafield tag="020" ind1=" " ind2=" ">
    <subfield code="a">9786124043673</subfield>
    <subfield code="q">(pbk.)</subfield>
  </datafield>
  <datafield tag="020" ind1=" " ind2=" ">
    <subfield code="a">612404367X</subfield>
    <subfield code="q">(pbk.)</subfield>
  </datafield>
  <datafield tag="035" ind1=" " ind2=" ">
    <subfield code="a">(OCoLC)ocn921891394</subfield>
  </datafield>
  <datafield tag="040" ind1=" " ind2=" ">
    <subfield code="a">IQU</subfield>
    <subfield code="b">eng</subfield>
    <subfield code="e">rda</subfield>
    <subfield code="c">IQU</subfield>
    <subfield code="d">IXA</subfield>
    <subfield code="d">OCLCO</subfield>
    <subfield code="d">IQU</subfield>
    <subfield code="d">OCLCF</subfield>
    <subfield code="d">OCLCO</subfield>
    <subfield code="d">OCLCQ</subfield>
    <subfield code="d">OCLCO</subfield>
    <subfield code="d">UBY</subfield>
    <subfield code="d">DLC</subfield>
  </datafield>
  <datafield tag="043" ind1=" " ind2=" ">
    <subfield code="a">s-pe---</subfield>
  </datafield>
  <datafield tag="050" ind1="0" ind2="0">
    <subfield code="a">F3448.5</subfield>
    <subfield code="b">.D58 2015</subfield>
  </datafield>
  <datafield tag="245" ind1="0" ind2="3">
    <subfield code="a">La divina tragedia /</subfield>
    <subfield code="c">Alberto Adrianzén M. ... [and 14 others] ; Eduardo Toche M. (compilador).</subfield>
  </datafield>
  <datafield tag="250" ind1=" " ind2=" ">
    <subfield code="a">Primera edición.</subfield>
  </datafield>
  <datafield tag="264" ind1=" " ind2="1">
    <subfield code="a">Lima, Perú :</subfield>
    <subfield code="b">Desco,</subfield>
    <subfield code="c">2015.</subfield>
  </datafield>
  <datafield tag="300" ind1=" " ind2=" ">
    <subfield code="a">320 pages :</subfield>
    <subfield code="b">illustrations (some color) ;</subfield>
    <subfield code="c">21 cm.</subfield>
  </datafield>
  <datafield tag="336" ind1=" " ind2=" ">
    <subfield code="a">text</subfield>
    <subfield code="b">txt</subfield>
    <subfield code="2">rdacontent</subfield>
  </datafield>
  <datafield tag="337" ind1=" " ind2=" ">
    <subfield code="a">unmediated</subfield>
    <subfield code="b">n</subfield>
    <subfield code="2">rdamedia</subfield>
  </datafield>
  <datafield tag="338" ind1=" " ind2=" ">
    <subfield code="a">volume</subfield>
    <subfield code="b">nc</subfield>
    <subfield code="2">rdacarrier</subfield>
  </datafield>
  <datafield tag="490" ind1="1" ind2=" ">
    <subfield code="a">Perú hoy</subfield>
  </datafield>
  <datafield tag="504" ind1=" " ind2=" ">
    <subfield code="a">Includes bibliographical references.</subfield>
  </datafield>
  <datafield tag="505" ind1="0" ind2=" ">
    <subfield code="a">Política y gobernabilidad: Un carnaval peligroso / Eduardo Ballón E. No hay crisis que dure cien años? / Eduardo Dargent B. Humala y las izquierdas : elementos para un necesario debate / Desco. El Perú en un contexto de cambio regional / Alberto Adrianzén M. La lucha contra la corrupción : una historia de reformas inconclusas / Julio Arbizu G. -- Sociedad y democracia: Auge y caída en la gestión de conflictos sociales / Iván Mendoza V. Lima em movimientos / Marisa Glave R. El VRAEM de los humala / Ricardo Soberón G. Políticas públicas en salud : el caso de la región Junín / Gissela Otone C. -- Economía y gestión de recursos: Y después del superciclo, qué viene? / Humberto Campodónico S. Una crisis económica para morir políticamente / Raúl Mauro M. El fin del boom extractivo y las economías regionales / Epifanio Baca T. Industrias extractivas : continuismo y carrera hacia el fondo / Carlos Monge S., Claudia Viale L. Disrupción climática, educación y ancestrabilidad : políticas para el sentido común / Eric Pajares G., Carlos Loret de Mola.</subfield>
  </datafield>
  <datafield tag="651" ind1=" " ind2="0">
    <subfield code="a">Peru</subfield>
    <subfield code="x">Politics and government</subfield>
    <subfield code="y">2000-</subfield>
  </datafield>
  <datafield tag="651" ind1=" " ind2="0">
    <subfield code="a">Peru</subfield>
    <subfield code="x">Economic policy.</subfield>
  </datafield>
  <datafield tag="651" ind1=" " ind2="0">
    <subfield code="a">Peru</subfield>
    <subfield code="x">Economic conditions</subfield>
    <subfield code="y">1968-</subfield>
  </datafield>
  <datafield tag="700" ind1="1" ind2=" ">
    <subfield code="a">Toche, Eduardo,</subfield>
    <subfield code="e">editor.</subfield>
  </datafield>
  <datafield tag="700" ind1="1" ind2="2">
    <subfield code="a">Ballón Echegaray, Eduardo.</subfield>
    <subfield code="t">Carnaval peligroso.</subfield>
    <subfield code="i">Container of (work):</subfield>
  </datafield>
  <datafield tag="700" ind1="1" ind2="2">
    <subfield code="a">Dargent, Eduardo,</subfield>
    <subfield code="d">1974-</subfield>
    <subfield code="t">No hay crisis que dure cien años?</subfield>
    <subfield code="i">Container of (work):</subfield>
  </datafield>
  <datafield tag="700" ind1="1" ind2="2">
    <subfield code="a">Adrianzén, Alberto.</subfield>
    <subfield code="t">Perú en un contexto de cambio regional.</subfield>
    <subfield code="i">Container of (work):</subfield>
  </datafield>
  <datafield tag="700" ind1="1" ind2="2">
    <subfield code="a">Arbizu G., Julio.</subfield>
    <subfield code="t">Lucha contra la corrupción.</subfield>
    <subfield code="i">Container of (work):</subfield>
  </datafield>
  <datafield tag="700" ind1="1" ind2="2">
    <subfield code="a">Mendoza, Iván.</subfield>
    <subfield code="t">Auge y caída en la gestión de conflictos sociales.</subfield>
    <subfield code="i">Container of (work):</subfield>
  </datafield>
  <datafield tag="700" ind1="1" ind2="2">
    <subfield code="a">Glave Remy, Marisa.</subfield>
    <subfield code="t">Lima en movimientos.</subfield>
    <subfield code="i">Container of (work):</subfield>
  </datafield>
  <datafield tag="700" ind1="1" ind2="2">
    <subfield code="a">Soberón Garrido, Ricardo.</subfield>
    <subfield code="t">VRAEM de los humala.</subfield>
    <subfield code="i">Container of (work):</subfield>
  </datafield>
  <datafield tag="700" ind1="1" ind2="2">
    <subfield code="a">Ottone C., Gissela.</subfield>
    <subfield code="t">Políticas públicas en salud.</subfield>
    <subfield code="i">Container of (work):</subfield>
  </datafield>
  <datafield tag="700" ind1="1" ind2="2">
    <subfield code="a">Campodónico, Humberto.</subfield>
    <subfield code="t">Y después del superciclo qué viene?</subfield>
    <subfield code="i">Container of (work):</subfield>
  </datafield>
  <datafield tag="700" ind1="1" ind2="2">
    <subfield code="a">Mauro Machuca, Raúl.</subfield>
    <subfield code="t">Crisis para morir políticamente.</subfield>
    <subfield code="i">Container of (work):</subfield>
  </datafield>
  <datafield tag="700" ind1="1" ind2="2">
    <subfield code="a">Baca Tupayachi, Epifanio.</subfield>
    <subfield code="t">Fin del boom extractivo y las economías regionales.</subfield>
    <subfield code="i">Container of (work):</subfield>
  </datafield>
  <datafield tag="700" ind1="1" ind2="2">
    <subfield code="a">Monge, Carlos.</subfield>
    <subfield code="t">Industrias extractivas.</subfield>
    <subfield code="i">Container of (work):</subfield>
  </datafield>
  <datafield tag="700" ind1="1" ind2="2">
    <subfield code="a">Viale L., Claudia.</subfield>
    <subfield code="t">Industrias extractivas.</subfield>
    <subfield code="i">Container of (work):</subfield>
  </datafield>
  <datafield tag="700" ind1="1" ind2="2">
    <subfield code="a">Pajares Garay, Erick.</subfield>
    <subfield code="t">Disrupción climática, educación y ancestrabilidad.</subfield>
    <subfield code="i">Container of (work):</subfield>
  </datafield>
  <datafield tag="700" ind1="1" ind2="2">
    <subfield code="a">Loret de Mola, Carlos.</subfield>
    <subfield code="t">Disrupción climática, educación y ancestrabilidad.</subfield>
    <subfield code="i">Container of (work):</subfield>
  </datafield>
  <datafield tag="710" ind1="2" ind2=" ">
    <subfield code="a">Desco,</subfield>
    <subfield code="e">issuing body.</subfield>
  </datafield>
  <datafield tag="830" ind1=" " ind2="0">
    <subfield code="a">Perú hoy.</subfield>
  </datafield>
  <datafield tag="923" ind1=" " ind2=" ">
    <subfield code="d">20151028</subfield>
    <subfield code="n">5451</subfield>
    <subfield code="s">PE-LiEIC</subfield>
  </datafield>
  <datafield tag="985" ind1=" " ind2=" ">
    <subfield code="e">VENDOR LOAD</subfield>
  </datafield>
</record>