
<record>
  <leader>02377cam a22004697i 4500</leader>
  <controlfield tag="001">18917547</controlfield>
  <controlfield tag="005">20200103120915.0</controlfield>
  <controlfield tag="008">151216e201506  ve       b    001 0 spa c</controlfield>
  <datafield tag="906" ind1=" " ind2=" ">
    <subfield code="a">7</subfield>
    <subfield code="b">cbc</subfield>
    <subfield code="c">pccadap</subfield>
    <subfield code="d">3</subfield>
    <subfield code="e">ncip</subfield>
    <subfield code="f">20</subfield>
    <subfield code="g">y-gencatlg</subfield>
  </datafield>
  <datafield tag="925" ind1="0" ind2=" ">
    <subfield code="a">acquire</subfield>
    <subfield code="b">1 shelf copy</subfield>
    <subfield code="x">policy default</subfield>
  </datafield>
  <datafield tag="955" ind1=" " ind2=" ">
    <subfield code="b">bf27 2016-02-10 to ALAWE/SA</subfield>
    <subfield code="b">bc12 2017-07-05 z-processor (telework)</subfield>
    <subfield code="i">bc12 2017-07-10 (telework)</subfield>
    <subfield code="e">bc12 2017-07-11 to BCCD (ABAchecked &amp; Labeled)</subfield>
  </datafield>
  <datafield tag="010" ind1=" " ind2=" ">
    <subfield code="a">  2015521143</subfield>
  </datafield>
  <datafield tag="020" ind1=" " ind2=" ">
    <subfield code="a">9789807614276</subfield>
  </datafield>
  <datafield tag="020" ind1=" " ind2=" ">
    <subfield code="a">9807614279</subfield>
  </datafield>
  <datafield tag="035" ind1=" " ind2=" ">
    <subfield code="a">(OCoLC)ocn942110748</subfield>
  </datafield>
  <datafield tag="040" ind1=" " ind2=" ">
    <subfield code="a">STF</subfield>
    <subfield code="b">eng</subfield>
    <subfield code="c">STF</subfield>
    <subfield code="e">rda</subfield>
    <subfield code="d">OCLCO</subfield>
    <subfield code="d">DLC</subfield>
  </datafield>
  <datafield tag="043" ind1=" " ind2=" ">
    <subfield code="a">s-ve---</subfield>
  </datafield>
  <datafield tag="050" ind1="0" ind2="0">
    <subfield code="a">PN5105.S37</subfield>
    <subfield code="b">A73 2015</subfield>
  </datafield>
  <datafield tag="100" ind1="1" ind2=" ">
    <subfield code="a">Aray, Edmundo,</subfield>
    <subfield code="e">author,</subfield>
    <subfield code="e">interviewee.</subfield>
  </datafield>
  <datafield tag="245" ind1="1" ind2="0">
    <subfield code="a">Sardio en la memoria /</subfield>
    <subfield code="c">Edmundo Aray.</subfield>
  </datafield>
  <datafield tag="250" ind1=" " ind2=" ">
    <subfield code="a">1era edición.</subfield>
  </datafield>
  <datafield tag="264" ind1=" " ind2="1">
    <subfield code="a">Mérida, República Bolivariana de Venezuela :</subfield>
    <subfield code="b">FUNDECEM, Fundación para el Desarrollo Cultural del Estado Mérida,</subfield>
    <subfield code="c">junio de 2015.</subfield>
  </datafield>
  <datafield tag="300" ind1=" " ind2=" ">
    <subfield code="a">127 pages ;</subfield>
    <subfield code="c">22 cm +</subfield>
    <subfield code="e">1 computer disc (color ; 4 3/4 in.)</subfield>
  </datafield>
  <datafield tag="336" ind1=" " ind2=" ">
    <subfield code="a">text</subfield>
    <subfield code="2">rdacontent</subfield>
    <subfield code="3">volume</subfield>
  </datafield>
  <datafield tag="336" ind1=" " ind2=" ">
    <subfield code="a">text</subfield>
    <subfield code="2">rdacontent</subfield>
    <subfield code="3">computer disc</subfield>
  </datafield>
  <datafield tag="337" ind1=" " ind2=" ">
    <subfield code="a">unmediated</subfield>
    <subfield code="2">rdamedia</subfield>
    <subfield code="3">volume</subfield>
  </datafield>
  <datafield tag="337" ind1=" " ind2=" ">
    <subfield code="a">computer</subfield>
    <subfield code="2">rdamedia</subfield>
    <subfield code="3">computer disc</subfield>
  </datafield>
  <datafield tag="338" ind1=" " ind2=" ">
    <subfield code="a">volume</subfield>
    <subfield code="2">rdacarrier</subfield>
    <subfield code="3">volume</subfield>
  </datafield>
  <datafield tag="338" ind1=" " ind2=" ">
    <subfield code="a">computer disc</subfield>
    <subfield code="2">rdacarrier</subfield>
    <subfield code="3">computer disc</subfield>
  </datafield>
  <datafield tag="347" ind1=" " ind2=" ">
    <subfield code="a">text file</subfield>
    <subfield code="b">PDF</subfield>
    <subfield code="2">rda</subfield>
  </datafield>
  <datafield tag="490" ind1="0" ind2=" ">
    <subfield code="a">Colección Campaña admirable</subfield>
  </datafield>
  <datafield tag="500" ind1=" " ind2=" ">
    <subfield code="a">Accompanying computer disc contains issues 1-8 of the magazine Sardio published between 1958 and 1961.</subfield>
  </datafield>
  <datafield tag="504" ind1=" " ind2=" ">
    <subfield code="a">Includes bibliographical references and indexes.</subfield>
  </datafield>
  <datafield tag="505" ind1="0" ind2=" ">
    <subfield code="a">El horizonte sardiano / Pausides Reyes -- Crónica sardiana con arpón ballenero / Edmundo Aray -- Testimonios. Testimonio -- Las constantes de nuestra generación -- El intelectual de izquierda y cierta estética revolucionaria -- Testimonio sobre Cuba -- Entrevistas. Entrevista con Adriano González León / Carmen Virginia Carrillo -- Entrevista con Edmundo Aray / Carmen Virginia Carrillo.</subfield>
  </datafield>
  <datafield tag="538" ind1=" " ind2=" ">
    <subfield code="a">Disc characteristics of accompanying computer disc: CD-ROM.</subfield>
  </datafield>
  <datafield tag="630" ind1="0" ind2="0">
    <subfield code="a">Sardio</subfield>
    <subfield code="x">History.</subfield>
  </datafield>
  <datafield tag="651" ind1=" " ind2="0">
    <subfield code="a">Venezuela</subfield>
    <subfield code="x">Intellectual life</subfield>
    <subfield code="y">20th century.</subfield>
  </datafield>
  <datafield tag="700" ind1="1" ind2=" ">
    <subfield code="a">Carrillo, Carmen Virginia,</subfield>
    <subfield code="d">1958-</subfield>
    <subfield code="e">interviewer.</subfield>
  </datafield>
  <datafield tag="700" ind1="1" ind2=" ">
    <subfield code="a">González León, Adriano,</subfield>
    <subfield code="e">interviewee.</subfield>
  </datafield>
  <datafield tag="730" ind1="0" ind2="2">
    <subfield code="a">Sardio.</subfield>
    <subfield code="i">Container of (work):</subfield>
  </datafield>
  <datafield tag="923" ind1=" " ind2=" ">
    <subfield code="d">20151101</subfield>
    <subfield code="n">13548V2016</subfield>
    <subfield code="s">BO-CbLA</subfield>
  </datafield>
  <datafield tag="985" ind1=" " ind2=" ">
    <subfield code="e">VENDOR LOAD</subfield>
  </datafield>
</record>