
<record>
  <leader>02392cam a22003737i 4500</leader>
  <controlfield tag="001">18917806</controlfield>
  <controlfield tag="005">20200103120917.0</controlfield>
  <controlfield tag="008">151011e201508  is            000 0 hebo </controlfield>
  <datafield tag="906" ind1=" " ind2=" ">
    <subfield code="a">7</subfield>
    <subfield code="b">cbc</subfield>
    <subfield code="c">origres</subfield>
    <subfield code="d">3</subfield>
    <subfield code="e">ncip</subfield>
    <subfield code="f">20</subfield>
    <subfield code="g">y-nonroman</subfield>
  </datafield>
  <datafield tag="925" ind1="0" ind2=" ">
    <subfield code="a">acquire</subfield>
    <subfield code="b">1 shelf copy</subfield>
    <subfield code="x">policy default</subfield>
  </datafield>
  <datafield tag="955" ind1=" " ind2=" ">
    <subfield code="b">Vendor load ; cd20 2016-05-06 IBC to ASME shelves</subfield>
    <subfield code="a">cd00 2016-05-06 to ASME/IJ ;</subfield>
    <subfield code="i">cd08 2019-06-17 EncLvl = 7 descriptive, subj. head., shelflistd, end stage; to Hebraic Section ;</subfield>
  </datafield>
  <datafield tag="010" ind1=" " ind2=" ">
    <subfield code="a">  2016403261</subfield>
  </datafield>
  <datafield tag="035" ind1=" " ind2=" ">
    <subfield code="a">(IsJeAIW)wb2015410697</subfield>
  </datafield>
  <datafield tag="040" ind1=" " ind2=" ">
    <subfield code="a">DLC</subfield>
    <subfield code="b">eng</subfield>
    <subfield code="e">rda</subfield>
    <subfield code="c">DLC</subfield>
  </datafield>
  <datafield tag="050" ind1="0" ind2="0">
    <subfield code="a">BM695.N5</subfield>
    <subfield code="b">R325 2015</subfield>
  </datafield>
  <datafield tag="066" ind1=" " ind2=" ">
    <subfield code="c">(2</subfield>
  </datafield>
  <datafield tag="100" ind1="1" ind2=" ">
    <subfield code="6">880-01</subfield>
    <subfield code="a">Rabin, Yehonatan Ḥayim,</subfield>
    <subfield code="c">ha-Kohen,</subfield>
    <subfield code="e">author.</subfield>
  </datafield>
  <datafield tag="880" ind1="1" ind2=" ">
    <subfield code="6">100-01/(2/r‏</subfield>
    <subfield code="a">‏רבין, יהונתן חיים הכהן,‏</subfield>
    <subfield code="c">‏ha-Kohen.</subfield>
  </datafield>
  <datafield tag="245" ind1="1" ind2="0">
    <subfield code="6">880-02</subfield>
    <subfield code="a">Be-simana ṭava :</subfield>
    <subfield code="b">seder leil Rosh ha-Shanah : dine u-minhage ʻerev Rosh ha-Shanah, shemiṭat kesafim u-prozbul, ʻeruv tavshilin, dine u-minhage lel Rosh ha-Shanah, seder ha-simanim ṿe-taʻamehen, mishnayot Masekhet Rosh ha-Shanah ʻim beʼur, Zohar meturgam le-lashon ha-ḳodesh /</subfield>
    <subfield code="c">me-et Yehonatan Ḥayim b. la-a.a. u-m. r. Daṿid, sheliṭa, Hakohen Rabin.</subfield>
  </datafield>
  <datafield tag="880" ind1="1" ind2="0">
    <subfield code="6">245-02/(2/r‏</subfield>
    <subfield code="a">‏בסימנא טבא :‏</subfield>
    <subfield code="b">‏סדר ליל ראש השנה : דיני ומנהגי ערב ראש השנה, שמיטת כספים ופרוזבול, עירוב תבשילין, דיני ומנהגי ליל ראש השנה, סדר הסימנים וטעמיהם, משניות מסכת ראש השנה עם ביאור, זוהר מתורגם ללשון הקודש /‏</subfield>
    <subfield code="c">‏מאת יהונתן חיים בלאאמו&quot;ר דוד, שליט&quot;א, הכהן רבין.</subfield>
  </datafield>
  <datafield tag="250" ind1=" " ind2=" ">
    <subfield code="6">880-03</subfield>
    <subfield code="a">Mahadurah sheniyah.</subfield>
  </datafield>
  <datafield tag="880" ind1=" " ind2=" ">
    <subfield code="6">250-03/(2/r‏</subfield>
    <subfield code="a">‏מהדורה שניה.</subfield>
  </datafield>
  <datafield tag="264" ind1=" " ind2="1">
    <subfield code="6">880-04</subfield>
    <subfield code="a">[Israel]  :</subfield>
    <subfield code="b">[Yehonatan Ḥayim Rabin],</subfield>
    <subfield code="c">Shalhe shenat ha-shemiṭah 5775 [August or September 2015]</subfield>
  </datafield>
  <datafield tag="880" ind1=" " ind2="1">
    <subfield code="6">264-04/(2/r‏</subfield>
    <subfield code="a">[Israel] :</subfield>
    <subfield code="b">[יהונתן חיים  רבין],</subfield>
    <subfield code="c">שלהי שנת השמיטה ה&apos;תשע&quot;ה.</subfield>
  </datafield>
  <datafield tag="300" ind1=" " ind2=" ">
    <subfield code="a">119 pages ;</subfield>
    <subfield code="c">22 cm</subfield>
  </datafield>
  <datafield tag="336" ind1=" " ind2=" ">
    <subfield code="a">text</subfield>
    <subfield code="2">rdacontent</subfield>
  </datafield>
  <datafield tag="337" ind1=" " ind2=" ">
    <subfield code="a">unmediated</subfield>
    <subfield code="2">rdamedia</subfield>
  </datafield>
  <datafield tag="338" ind1=" " ind2=" ">
    <subfield code="a">volume</subfield>
    <subfield code="2">rdacarrier</subfield>
  </datafield>
  <datafield tag="880" ind1=" " ind2=" ">
    <subfield code="6">500-00/(2/r‏</subfield>
    <subfield code="a">‏בעריכה חדשה ומפוארת.</subfield>
  </datafield>
  <datafield tag="650" ind1=" " ind2="0">
    <subfield code="a">Rosh ha-Shanah seder.</subfield>
  </datafield>
  <datafield tag="650" ind1=" " ind2="0">
    <subfield code="a">Rosh ha-Shanah</subfield>
    <subfield code="x">Liturgy</subfield>
    <subfield code="v">Texts.</subfield>
  </datafield>
  <datafield tag="650" ind1=" " ind2="0">
    <subfield code="a">Judaism</subfield>
    <subfield code="x">Liturgy</subfield>
    <subfield code="v">Texts.</subfield>
  </datafield>
  <datafield tag="923" ind1=" " ind2=" ">
    <subfield code="d">20151102</subfield>
    <subfield code="n">27198</subfield>
    <subfield code="s">IsJeAIW</subfield>
  </datafield>
  <datafield tag="985" ind1=" " ind2=" ">
    <subfield code="e">VENDOR LOAD</subfield>
  </datafield>
</record>