
<record>
  <leader>03585cam a22006257i 4500</leader>
  <controlfield tag="001">18917959</controlfield>
  <controlfield tag="005">20200103120917.0</controlfield>
  <controlfield tag="008">151110m20159999is       b    000 0 heb  </controlfield>
  <datafield tag="906" ind1=" " ind2=" ">
    <subfield code="a">7</subfield>
    <subfield code="b">cbc</subfield>
    <subfield code="c">origres</subfield>
    <subfield code="d">2</subfield>
    <subfield code="e">ncip</subfield>
    <subfield code="f">20</subfield>
    <subfield code="g">y-nonroman</subfield>
  </datafield>
  <datafield tag="925" ind1="0" ind2=" ">
    <subfield code="a">acquire</subfield>
    <subfield code="b">1 shelf copy</subfield>
    <subfield code="x">policy default</subfield>
  </datafield>
  <datafield tag="955" ind1=" " ind2=" ">
    <subfield code="b">Vendor load</subfield>
    <subfield code="a">cd04 2016-02-24 telework added LCCN, HR, IR</subfield>
    <subfield code="a">cd00 2016-02-24 to ASME/IJ</subfield>
    <subfield code="a">cd04 2016-06-23 added volume 2 ;</subfield>
    <subfield code="a">cd06 2016-08-02 (vol. 3) to cd00 shelves ;</subfield>
    <subfield code="a">cd06 2016-08-10 (vol. 4) to the shelves ;</subfield>
    <subfield code="i">cd06 2016-09-20 (4 vols.) to Hebraic Section ;</subfield>
    <subfield code="c">cd06 2016-11-14 added (vol. 5) to Hebraic Section ;</subfield>
    <subfield code="i">cd06 2017-05-08 added volumes (6-9), merged all volumes, corrected subject heading, changed class number, relabeled all volumes, to Hebraic Section ;</subfield>
    <subfield code="c">cd06 2017-05-30 added (volume 10) to Hebraic Section ;</subfield>
    <subfield code="c">cd06 2017-08-15 added volume (11), to Hebraic Section ;</subfield>
    <subfield code="c">cd06 2017-08-30 added volume (12), to Hebraic Section ;</subfield>
    <subfield code="c">cd06 2017-10-24 added volume (13) to Hebraic Section ;</subfield>
    <subfield code="c">cd06 2018-01-16 added volume (14) to Hebraic Section ;</subfield>
    <subfield code="c">cd06 2018-07-16 added (vols. 15-16) to Hebraic Section ;</subfield>
    <subfield code="c">cd06 2018-08-28 added (vol. 17) to Hebraic Section</subfield>
  </datafield>
  <datafield tag="010" ind1=" " ind2=" ">
    <subfield code="a">  2015519943</subfield>
    <subfield code="z">  2017441306</subfield>
  </datafield>
  <datafield tag="020" ind1=" " ind2=" ">
    <subfield code="a">9789653019720 (vol. 1)</subfield>
  </datafield>
  <datafield tag="020" ind1=" " ind2=" ">
    <subfield code="a">9789653019720 (vol. 2)</subfield>
  </datafield>
  <datafield tag="020" ind1=" " ind2=" ">
    <subfield code="a">9789653019744 (vol. 3)</subfield>
  </datafield>
  <datafield tag="020" ind1=" " ind2=" ">
    <subfield code="a">9789653019751 (vol. 4)</subfield>
  </datafield>
  <datafield tag="020" ind1=" " ind2=" ">
    <subfield code="a">9789653019768 (vol. 5)</subfield>
  </datafield>
  <datafield tag="020" ind1=" " ind2=" ">
    <subfield code="a">9789653019775 (vol. 6)</subfield>
  </datafield>
  <datafield tag="020" ind1=" " ind2=" ">
    <subfield code="a">9789653019805 (vol. 7)</subfield>
  </datafield>
  <datafield tag="020" ind1=" " ind2=" ">
    <subfield code="a">9979301965978 (vol. 8)</subfield>
  </datafield>
  <datafield tag="020" ind1=" " ind2=" ">
    <subfield code="a">9789653019782 (vol. 9)</subfield>
  </datafield>
  <datafield tag="020" ind1=" " ind2=" ">
    <subfield code="a">9789653019812 (vol. 10)</subfield>
  </datafield>
  <datafield tag="020" ind1=" " ind2=" ">
    <subfield code="a">9789653019836 (vol. 11)</subfield>
  </datafield>
  <datafield tag="020" ind1=" " ind2=" ">
    <subfield code="a">9789653019829 (vol. 12)</subfield>
  </datafield>
  <datafield tag="020" ind1=" " ind2=" ">
    <subfield code="a">9789653019843 (vol. 13)</subfield>
  </datafield>
  <datafield tag="020" ind1=" " ind2=" ">
    <subfield code="a">9789653019850 (vol. 14)</subfield>
  </datafield>
  <datafield tag="020" ind1=" " ind2=" ">
    <subfield code="a">9789653019881 (vol. 15)</subfield>
  </datafield>
  <datafield tag="020" ind1=" " ind2=" ">
    <subfield code="a">9789653019898 (vol. 16)</subfield>
  </datafield>
  <datafield tag="020" ind1=" " ind2=" ">
    <subfield code="a">9789653019874 (vol. 17)</subfield>
  </datafield>
  <datafield tag="035" ind1=" " ind2=" ">
    <subfield code="a">(IsJeAIW)wb2015411171</subfield>
  </datafield>
  <datafield tag="040" ind1=" " ind2=" ">
    <subfield code="a">DLC</subfield>
    <subfield code="b">eng</subfield>
    <subfield code="c">DLC</subfield>
    <subfield code="e">rda</subfield>
    <subfield code="d">DLC</subfield>
  </datafield>
  <datafield tag="050" ind1="0" ind2="0">
    <subfield code="a">BS715</subfield>
    <subfield code="b">2015</subfield>
  </datafield>
  <datafield tag="066" ind1=" " ind2=" ">
    <subfield code="c">(2</subfield>
  </datafield>
  <datafield tag="130" ind1="0" ind2=" ">
    <subfield code="a">Bible.</subfield>
    <subfield code="p">Old Testament.</subfield>
    <subfield code="l">Hebrew.</subfield>
    <subfield code="f">2015</subfield>
  </datafield>
  <datafield tag="245" ind1="1" ind2="3">
    <subfield code="6">880-01</subfield>
    <subfield code="a">ha-Tanakh ha-mevoʼar : ʻim perush ha-Rav ʻAdin Even-Yiśraʼel (Shṭeinzalts).</subfield>
  </datafield>
  <datafield tag="880" ind1="1" ind2="1">
    <subfield code="6">245-01/(2/r‏</subfield>
    <subfield code="a">‏התנ״ך המבואר :‏</subfield>
    <subfield code="b">‏עם פירוש הרב עדין אבן־ישראל (שטיינזלץ).</subfield>
  </datafield>
  <datafield tag="250" ind1=" " ind2=" ">
    <subfield code="6">880-02</subfield>
    <subfield code="a">Mahadurah rishonah.</subfield>
  </datafield>
  <datafield tag="880" ind1=" " ind2=" ">
    <subfield code="6">250-02/(2/r‏</subfield>
    <subfield code="a">‏מהדורה ראשונה.</subfield>
  </datafield>
  <datafield tag="264" ind1=" " ind2="1">
    <subfield code="6">880-03</subfield>
    <subfield code="a">Yerushalayim :</subfield>
    <subfield code="b">Hotsaʼat Ḳoren,</subfield>
    <subfield code="c">[2015-&lt;2018&gt;]</subfield>
  </datafield>
  <datafield tag="880" ind1=" " ind2="1">
    <subfield code="6">264-03/(2/r‏</subfield>
    <subfield code="a">‏ירושלים :‏</subfield>
    <subfield code="b">‏הוצאת קורן,‏</subfield>
    <subfield code="c">‏‪[2015-&lt;2018&gt;]</subfield>
  </datafield>
  <datafield tag="300" ind1=" " ind2=" ">
    <subfield code="a">volumes ;</subfield>
    <subfield code="c">25 cm</subfield>
  </datafield>
  <datafield tag="336" ind1=" " ind2=" ">
    <subfield code="a">text</subfield>
    <subfield code="2">rdacontent</subfield>
  </datafield>
  <datafield tag="337" ind1=" " ind2=" ">
    <subfield code="a">unmediated</subfield>
    <subfield code="2">rdamedia</subfield>
  </datafield>
  <datafield tag="338" ind1=" " ind2=" ">
    <subfield code="a">volume</subfield>
    <subfield code="2">rdacarrier</subfield>
  </datafield>
  <datafield tag="500" ind1=" " ind2=" ">
    <subfield code="6">880-04</subfield>
    <subfield code="a">Mahadurat Madrid: vols. 5-9.</subfield>
  </datafield>
  <datafield tag="504" ind1=" " ind2=" ">
    <subfield code="a">Includes bibliographical references.</subfield>
  </datafield>
  <datafield tag="505" ind1="1" ind2=" ">
    <subfield code="a">[1] Be-reshit -- [2] Shemot -- [3] Ṿa-yiḳra -- [4] Ba-midbar -- [5] Devarim -- [6] Yeshʻayah -- [7] Tere-ʻaśar -- [8] Yeḥezḳel -- [9] Yirmeyah -- [10] Yehoshuʻa. Shoftim -- [11] Tehelim -- [12] Shemuʼel -- [13] Melakhim -- [14] Mishle, Iyuv -- [15] Daniyel. ʻEzra. Neḥemyah -- [16] Divre ha-yamim -- [17] Ḥamesh megilot: Shir ha-shirim. Rut. Ekhah. Ḳohelet. Ester --</subfield>
  </datafield>
  <datafield tag="630" ind1="0" ind2="0">
    <subfield code="a">Bible.</subfield>
    <subfield code="p">Old Testament</subfield>
    <subfield code="v">Commentaries.</subfield>
  </datafield>
  <datafield tag="880" ind1=" " ind2=" ">
    <subfield code="6">700-04/(2/r‏</subfield>
    <subfield code="a">מהדורת מדריד.</subfield>
  </datafield>
  <datafield tag="700" ind1="1" ind2=" ">
    <subfield code="6">880-05</subfield>
    <subfield code="a">Steinsaltz, Adin,</subfield>
    <subfield code="e">text commentator.</subfield>
  </datafield>
  <datafield tag="880" ind1="1" ind2=" ">
    <subfield code="6">700-05/(2/r‏</subfield>
    <subfield code="a">‏אבן-ישראל (שטיינזלץ), עדין.</subfield>
  </datafield>
  <datafield tag="752" ind1=" " ind2=" ">
    <subfield code="a">Israel</subfield>
    <subfield code="d">Jerusalem.</subfield>
  </datafield>
  <datafield tag="923" ind1=" " ind2=" ">
    <subfield code="d">20151115</subfield>
    <subfield code="n">27263</subfield>
    <subfield code="s">IsJeAIW</subfield>
  </datafield>
  <datafield tag="952" ind1=" " ind2=" ">
    <subfield code="a">Add volumes in order of receipt.</subfield>
  </datafield>
  <datafield tag="985" ind1=" " ind2=" ">
    <subfield code="e">VENDOR LOAD</subfield>
  </datafield>
</record>