
<record>
  <leader>02018cam a22003737i 4500</leader>
  <controlfield tag="001">18917964</controlfield>
  <controlfield tag="005">20200103120918.0</controlfield>
  <controlfield tag="008">151029s2015    is       b    000 0 heb  </controlfield>
  <datafield tag="906" ind1=" " ind2=" ">
    <subfield code="a">7</subfield>
    <subfield code="b">cbc</subfield>
    <subfield code="c">origres</subfield>
    <subfield code="d">2</subfield>
    <subfield code="e">ncip</subfield>
    <subfield code="f">20</subfield>
    <subfield code="g">y-nonroman</subfield>
  </datafield>
  <datafield tag="925" ind1="0" ind2=" ">
    <subfield code="a">acquire</subfield>
    <subfield code="b">1 shelf copy</subfield>
    <subfield code="x">policy default</subfield>
  </datafield>
  <datafield tag="955" ind1=" " ind2=" ">
    <subfield code="b">Vendor load</subfield>
    <subfield code="a">th87 2016-03-08 added LCCN, holdings and item records to cd00</subfield>
    <subfield code="a">cd00 2016-03-08 to ASME/IJ ;</subfield>
    <subfield code="a">cd08 2016-09-14 reviewd H 1998  &amp; H 1150 ; referral w/ cd01 re. class prop. ;</subfield>
    <subfield code="a">cd08 2016-09-20 class prop PF 16028271 w/ cd22 for class prop to PSD ;</subfield>
    <subfield code="e">tc12 2016-12-15 to AMED</subfield>
  </datafield>
  <datafield tag="010" ind1=" " ind2=" ">
    <subfield code="a">  2016379092</subfield>
  </datafield>
  <datafield tag="035" ind1=" " ind2=" ">
    <subfield code="a">(IsJeAIW)wb2015410954</subfield>
  </datafield>
  <datafield tag="040" ind1=" " ind2=" ">
    <subfield code="a">DLC</subfield>
    <subfield code="b">eng</subfield>
    <subfield code="e">rda</subfield>
    <subfield code="c">DLC</subfield>
  </datafield>
  <datafield tag="050" ind1="0" ind2="0">
    <subfield code="a">BM538.D53</subfield>
    <subfield code="b">V36 2015</subfield>
  </datafield>
  <datafield tag="066" ind1=" " ind2=" ">
    <subfield code="c">(2</subfield>
  </datafield>
  <datafield tag="100" ind1="1" ind2=" ">
    <subfield code="6">880-01</subfield>
    <subfield code="a">Ṿanger, Elyaḳim Binyamin,</subfield>
    <subfield code="e">author.</subfield>
  </datafield>
  <datafield tag="880" ind1="1" ind2=" ">
    <subfield code="6">100-01/(2/r‏</subfield>
    <subfield code="a">‏ונגר, אליקים בנימין.</subfield>
  </datafield>
  <datafield tag="245" ind1="1" ind2="0">
    <subfield code="6">880-02</subfield>
    <subfield code="a">Sukeret ṿe-hilkhoteha :</subfield>
    <subfield code="b">hebeṭim hilkhatiyim be-nośe sukeret neʻurim, mevugarim ṿe-herayon /</subfield>
    <subfield code="c">neʻerakh be-s. d. ʻa. y. Elyaḳim Binyamin Ṿanger.</subfield>
  </datafield>
  <datafield tag="880" ind1="0" ind2="0">
    <subfield code="6">245-02/(2/r‏</subfield>
    <subfield code="a">‏סוכרת והלכותיה :‏</subfield>
    <subfield code="b">‏היבטים הלכתיים בנושא סוכרת נעורים, מבוגרים והריון /‏</subfield>
    <subfield code="c">‏נערך בס&quot;ד ע״י אליקים בנימין ונגר.</subfield>
  </datafield>
  <datafield tag="264" ind1=" " ind2="1">
    <subfield code="6">880-03</subfield>
    <subfield code="a">[Bet Shemesh?] :</subfield>
    <subfield code="b">Elyaḳim Binyamin Ṿagner,</subfield>
    <subfield code="c">776 [2015 or 2016]</subfield>
  </datafield>
  <datafield tag="880" ind1=" " ind2="1">
    <subfield code="6">264-03/(2/r‏</subfield>
    <subfield code="a">‏[Bet Shemesh?] :‏</subfield>
    <subfield code="b">‏אליקים בנימין וגנר,‏</subfield>
    <subfield code="c">‏תשע&quot;ו.</subfield>
  </datafield>
  <datafield tag="300" ind1=" " ind2=" ">
    <subfield code="a">174 pages ;</subfield>
    <subfield code="c">25 cm</subfield>
  </datafield>
  <datafield tag="336" ind1=" " ind2=" ">
    <subfield code="a">text</subfield>
    <subfield code="2">rdacontent</subfield>
  </datafield>
  <datafield tag="337" ind1=" " ind2=" ">
    <subfield code="a">unmediated</subfield>
    <subfield code="2">rdamedia</subfield>
  </datafield>
  <datafield tag="338" ind1=" " ind2=" ">
    <subfield code="a">volume</subfield>
    <subfield code="2">rdacarrier</subfield>
  </datafield>
  <datafield tag="504" ind1=" " ind2=" ">
    <subfield code="a">Includes bibliographical references.</subfield>
  </datafield>
  <datafield tag="650" ind1=" " ind2="0">
    <subfield code="a">Diabetes</subfield>
    <subfield code="x">Religious aspects</subfield>
    <subfield code="x">Judaism.</subfield>
  </datafield>
  <datafield tag="650" ind1=" " ind2="0">
    <subfield code="a">Diabetes in children</subfield>
    <subfield code="x">Religious aspects</subfield>
    <subfield code="x">Judaism.</subfield>
  </datafield>
  <datafield tag="650" ind1=" " ind2="0">
    <subfield code="a">Diabetes in pregnancy</subfield>
    <subfield code="x">Religious aspects</subfield>
    <subfield code="x">Judaism.</subfield>
  </datafield>
  <datafield tag="650" ind1=" " ind2="0">
    <subfield code="a">Care of the sick</subfield>
    <subfield code="x">Religious aspects</subfield>
    <subfield code="x">Judaism.</subfield>
  </datafield>
  <datafield tag="650" ind1=" " ind2="0">
    <subfield code="a">Medical laws and legislation (Jewish law)</subfield>
  </datafield>
  <datafield tag="923" ind1=" " ind2=" ">
    <subfield code="d">20151115</subfield>
    <subfield code="n">27263</subfield>
    <subfield code="s">IsJeAIW</subfield>
  </datafield>
  <datafield tag="985" ind1=" " ind2=" ">
    <subfield code="e">VENDOR LOAD</subfield>
  </datafield>
</record>