
<record>
  <leader>07464cam a22004217i 4500</leader>
  <controlfield tag="001">18930653</controlfield>
  <controlfield tag="005">20200103120937.0</controlfield>
  <controlfield tag="008">151217s2015    fr a   g b    100 0 fre  </controlfield>
  <datafield tag="906" ind1=" " ind2=" ">
    <subfield code="a">7</subfield>
    <subfield code="b">cbc</subfield>
    <subfield code="c">origres</subfield>
    <subfield code="d">3</subfield>
    <subfield code="e">ncip</subfield>
    <subfield code="f">20</subfield>
    <subfield code="g">y-gencatlg</subfield>
  </datafield>
  <datafield tag="925" ind1="0" ind2=" ">
    <subfield code="a">acquire</subfield>
    <subfield code="b">1 shelf copy</subfield>
    <subfield code="x">policy default</subfield>
  </datafield>
  <datafield tag="955" ind1=" " ind2=" ">
    <subfield code="b">bd19 2016-02-17</subfield>
    <subfield code="b">bd31 2018-06-27 z-processor</subfield>
    <subfield code="i">bc12 2018-08-22 (telework)</subfield>
    <subfield code="e">bc12 2018-09-04 to BCCD (ABACheck &amp; Labeled)</subfield>
  </datafield>
  <datafield tag="010" ind1=" " ind2=" ">
    <subfield code="a">  2015526597</subfield>
  </datafield>
  <datafield tag="020" ind1=" " ind2=" ">
    <subfield code="a">9782111293977</subfield>
    <subfield code="q">(pbk.)</subfield>
  </datafield>
  <datafield tag="020" ind1=" " ind2=" ">
    <subfield code="a">2111293970</subfield>
    <subfield code="q">(pbk.)</subfield>
  </datafield>
  <datafield tag="040" ind1=" " ind2=" ">
    <subfield code="a">DLC</subfield>
    <subfield code="b">eng</subfield>
    <subfield code="e">rda</subfield>
    <subfield code="c">DLC</subfield>
  </datafield>
  <datafield tag="043" ind1=" " ind2=" ">
    <subfield code="a">e-fr---</subfield>
    <subfield code="a">e------</subfield>
  </datafield>
  <datafield tag="050" ind1="0" ind2="0">
    <subfield code="a">HC273</subfield>
    <subfield code="b">.E34 2015</subfield>
  </datafield>
  <datafield tag="245" ind1="0" ind2="2">
    <subfield code="a">L&apos;échec a-t-il des vertus économiques? :</subfield>
    <subfield code="b">congrès de l&apos;Association française d&apos;histoire économique des 4 et 5 octobre 2013 /</subfield>
    <subfield code="c">sous la direction de Natacha Coquery et Matthieu de Oliveira.</subfield>
  </datafield>
  <datafield tag="264" ind1=" " ind2="1">
    <subfield code="a">Paris :</subfield>
    <subfield code="b">Comité pour l&apos;histoire économique et financière de la France,</subfield>
    <subfield code="c">2015.</subfield>
  </datafield>
  <datafield tag="300" ind1=" " ind2=" ">
    <subfield code="a">372 pages :</subfield>
    <subfield code="b">illustrations ;</subfield>
    <subfield code="c">22 cm.</subfield>
  </datafield>
  <datafield tag="336" ind1=" " ind2=" ">
    <subfield code="a">text</subfield>
    <subfield code="b">txt</subfield>
    <subfield code="2">rdacontent</subfield>
  </datafield>
  <datafield tag="337" ind1=" " ind2=" ">
    <subfield code="a">unmediated</subfield>
    <subfield code="b">n</subfield>
    <subfield code="2">rdamedia</subfield>
  </datafield>
  <datafield tag="338" ind1=" " ind2=" ">
    <subfield code="a">volume</subfield>
    <subfield code="b">nc</subfield>
    <subfield code="2">rdacarrier</subfield>
  </datafield>
  <datafield tag="490" ind1="1" ind2=" ">
    <subfield code="a">Histoire économique et financière de la France. Série Animation de la recherche</subfield>
  </datafield>
  <datafield tag="504" ind1=" " ind2=" ">
    <subfield code="a">Includes bibliographical references.</subfield>
  </datafield>
  <datafield tag="505" ind1="0" ind2="0">
    <subfield code="t">Avant-propos. L&apos;échec économique, ses infortunes et ses vertus --</subfield>
    <subfield code="t">Crise, identité, changement. Quelques hypothèses sur les temps qui nous attendent --</subfield>
    <subfield code="t">Les usages sociaux de la faillite --</subfield>
    <subfield code="t">Introduction. Entre contrainte et concurrence, crédit et confiance, les ressorts sociaux de l&apos;échec économique --</subfield>
    <subfield code="t">Échecs consentis, échecs provoqués? Les hommes d&apos;affaires juifs et chrétiens et la faillite (couronne d&apos;Aragon, Midi de la France) à la fin du Moyen Âge --</subfield>
    <subfield code="t">Une intégration marchande? --</subfield>
    <subfield code="t">Des juifs d&apos;Avignon entre Bordeaux et Paris au siècle des Lumières --</subfield>
    <subfield code="t">L&apos;échec et les brevets d&apos;invention (France, 1791-1844) --</subfield>
    <subfield code="t">Le Familistère de Guise : un échec social ou industriel? --</subfield>
    <subfield code="t">Paris-Jour, janvier 1972 : la fermeture d&apos;un quotidien national. Un échec fracassant, fruit d&apos;un long malentendu --</subfield>
    <subfield code="t">Histoire des entreprises --</subfield>
    <subfield code="t">Introduction. Renouveau gestionnaire et promotion de l&apos;innovation, deux voies nouvelles de rebond après l&apos;échec économique --</subfield>
    <subfield code="t">Écrire contre l&apos;échec : pratiques scripturales et pratiques économiques dans les archives privées d&apos;un marchand cordier du XIVe siècle --</subfield>
    <subfield code="t">La reprise des commerces en difficulté, l&apos;exemple de la mercerie parisienne de Louis XIV à la Révolution --</subfield>
    <subfield code="t">Vices de procédures et vertus de la réforme : le cas de La Beauce Incendie-Travailleurs Français (1921-1934) --</subfield>
    <subfield code="t">Du verrier au laitier : de l&apos;échec de Saint-Gobain à l&apos;absorption de Gervais-Danone par BSN en 1973 --</subfield>
    <subfield code="t">Espaces transfrontaliers et politiques en Europe --</subfield>
    <subfield code="t">Introduction. Une géographie historique de l&apos;échec --</subfield>
    <subfield code="t">Villes, déclins, destins : les facettes de l&apos;échec ou comment en jouer. Puigcerdà (Espagne/Catalogne) vs Enkhuizen (Provinces-Unies/Hollande) --</subfield>
    <subfield code="t">Les États de la Flandre wallonne et la régie des grès (1750-1790) : l&apos;inévitable échec d&apos;une politique d&apos;autarcie dans un espace ouvert --</subfield>
    <subfield code="t">L&apos;échec d&apos;un grand complexe sidérurgique espagnol : les compagnies de Sierra Menera et Siderurgica del Mediterraneo (1900-1940) --</subfield>
    <subfield code="t">La politique structurelle de la sidérurgie en Europe (CECA/CEE/UE) est-elle un échec? Ou pourquoi n&apos;aurons-nous pas d&apos;Airbus de la sidérurgie? --</subfield>
    <subfield code="t">Les districts et les territoires --</subfield>
    <subfield code="t">Introduction. Aventures individuelles et déterminants spatiaux du capitalisme --</subfield>
    <subfield code="t">L&apos;échec a-t-il des vertus économiques? Le cas de la pomme de terre dans le Midi --</subfield>
    <subfield code="t">La faillite d&apos;une entreprise, le succès d&apos;un secteur. Les pépinières Sgaravatti et la floriculture italienne --</subfield>
    <subfield code="t">L&apos;échec de la politique consulaire des négociants toulonnais au XIXe siècle --</subfield>
    <subfield code="t">Microrégion pyrénéenne et industries : d&apos;échecs en échecs (XIXe-XXe siècles)? --</subfield>
    <subfield code="t">Le district en échec. L&apos;exemple des tanneries de Château-Renault (v. 1860-1985) --</subfield>
    <subfield code="t">Faire face à l&apos;échec : stratégies d&apos;évitement, adaptabilité et modernisation dans le commerce des vins languedociens (1900-1950) --</subfield>
    <subfield code="t">Institutions et politiques publiques --</subfield>
    <subfield code="t">Introduction. L&apos;échec des institutions et des politiques publiques a-t-il des vertus économiques? --</subfield>
    <subfield code="t">L&apos;échec du projet de Gaetano Filangieri junior en faveur du développement économique du Mezzogiorno : la courte saison du musée d&apos;Art industriel et des écoles-ateliers de Naples --</subfield>
    <subfield code="t">La &quot;crise&quot; de l&apos;apprentissage : De l&apos;échec à la loi (fin XIXe siècle-années vingt) --</subfield>
    <subfield code="t">L&apos;échec des caisses d&apos;épargne espagnoles (1977-2013).</subfield>
  </datafield>
  <datafield tag="505" ind1="8" ind2="0">
    <subfield code="t">Policer les entreprises : l&apos;échec initial de la politique de la concurrence européenne (1962-1989) --</subfield>
    <subfield code="t">La reconversion du Nord-Pas-de-Calais : un échec de politiques publiques (1965-1994).</subfield>
  </datafield>
  <datafield tag="520" ind1=" " ind2=" ">
    <subfield code="a">&quot;À l&apos;été 2008, la planète tremble en découvrant l&apos;ampleur de la crise financière. Les subprimes deviennent en quelques semaines une réalité dévastatrice. Peut-on considérer que l&apos;échec a eu une vertu et que du séisme est sorti un bien? Sans doute, mais à quel prix? Success story, demande de régulation, crise, faillite, échec, tels sont les axes d&apos;une réflexion à laquelle l&apos;Association française d&apos;histoire économique (AFHÉ) a voulu participer à l&apos;occasion de son dernier congrès, les 4 et 5 octobre 2013. Les travaux présentés dans cet ouvrage font varier les échelles d&apos;analyse temporelle, spatiale et sociale et révèlent les multiples dimensions de l&apos;échec, puisque celui des uns forge parfois le succès des autres et peut avoir des retombées imprévisibles, pas nécessairement négatives, que l&apos;on se place au niveau des individus, des familles, des sociétés ou de l&apos;humanité tout entière. Lorsque pointe l&apos;échec, plusieurs options s&apos;ouvrent : c&apos;est l&apos;heure des choix. Faut-il opter pour une gestion prudente? Réorienter l&apos;activité et se faire plus offensif ou au contraire abandonner un créneau, un projet? Renoncer, persévérer, recréer? L&apos;échec peut alimenter le repli et le conservatisme autant que l&apos;innovation et la prise de risques. Si la remise en cause est une vertu possible de l&apos;échec, quels en sont les lieux et les outils? On trouvera ici vingt-quatre interventions inédites organisées en cinq thèmes qui rendent compte de la richesse des approches : les usages sociaux de la faillite ; l&apos;histoire des entreprises ; les espaces transfrontaliers et politiques en Europe ; les districts et les territoires ; les institutions et les politiques publiques. Si le thème de réflexion peut surprendre par sa formulation antinomique, l&apos;introduction d&apos;Aldo Schiavone, &quot;Quelques hypothèses sur les temps qui nous attendent&quot;, confirme la justesse de l&apos;intuition originale.&quot;--Page 4 of cover.</subfield>
  </datafield>
  <datafield tag="650" ind1=" " ind2="0">
    <subfield code="a">Financial crises</subfield>
    <subfield code="z">France</subfield>
    <subfield code="x">History</subfield>
    <subfield code="v">Congresses.</subfield>
  </datafield>
  <datafield tag="650" ind1=" " ind2="0">
    <subfield code="a">Financial crises</subfield>
    <subfield code="z">Europe</subfield>
    <subfield code="x">History</subfield>
    <subfield code="v">Congresses.</subfield>
  </datafield>
  <datafield tag="651" ind1=" " ind2="0">
    <subfield code="a">France</subfield>
    <subfield code="x">Economic conditions</subfield>
    <subfield code="v">Congresses.</subfield>
  </datafield>
  <datafield tag="651" ind1=" " ind2="0">
    <subfield code="a">Europe</subfield>
    <subfield code="x">Economic conditions</subfield>
    <subfield code="v">Congresses.</subfield>
  </datafield>
  <datafield tag="700" ind1="1" ind2=" ">
    <subfield code="a">Coquery, Natacha,</subfield>
    <subfield code="e">editor.</subfield>
  </datafield>
  <datafield tag="700" ind1="1" ind2=" ">
    <subfield code="a">Oliveira, Matthieu de,</subfield>
    <subfield code="e">editor.</subfield>
  </datafield>
  <datafield tag="710" ind1="2" ind2=" ">
    <subfield code="a">Association française d&apos;histoire économique,</subfield>
    <subfield code="e">organizer.</subfield>
  </datafield>
  <datafield tag="830" ind1=" " ind2="0">
    <subfield code="a">Histoire économique et financière de la France.</subfield>
    <subfield code="p">Animation de la recherche.</subfield>
  </datafield>
  <datafield tag="923" ind1=" " ind2=" ">
    <subfield code="d">20151231</subfield>
    <subfield code="n">554772</subfield>
    <subfield code="s">93000601</subfield>
  </datafield>
  <datafield tag="985" ind1=" " ind2=" ">
    <subfield code="e">VENDOR LOAD</subfield>
  </datafield>
</record>