
<record>
  <leader>01024cam a22002657i 4500</leader>
  <controlfield tag="001">18934615</controlfield>
  <controlfield tag="005">20200103120940.0</controlfield>
  <controlfield tag="008">160113s2015    nr            000 0 eng  </controlfield>
  <datafield tag="906" ind1=" " ind2=" ">
    <subfield code="a">7</subfield>
    <subfield code="b">cbc</subfield>
    <subfield code="c">orignew</subfield>
    <subfield code="d">4</subfield>
    <subfield code="e">ncip</subfield>
    <subfield code="f">20</subfield>
    <subfield code="g">y-gencatlg</subfield>
  </datafield>
  <datafield tag="925" ind1="0" ind2=" ">
    <subfield code="a">acquire</subfield>
    <subfield code="b">1 shelf copy</subfield>
    <subfield code="x">ADB 2015-12-31</subfield>
  </datafield>
  <datafield tag="955" ind1=" " ind2=" ">
    <subfield code="b">bc13-01-31 to ALAWE/A ;</subfield>
    <subfield code="a">bc14 2016-03-03 (MLC number added) ;</subfield>
    <subfield code="h">bc14 2016-03-14 (telework) (item and holding record added) to SHELF ;</subfield>
    <subfield code="a">bc14 bc14 2016-03-16 (telework) (ABA CHECK)</subfield>
  </datafield>
  <datafield tag="010" ind1=" " ind2=" ">
    <subfield code="a">  2015409405</subfield>
  </datafield>
  <datafield tag="020" ind1=" " ind2=" ">
    <subfield code="a">9780222219</subfield>
  </datafield>
  <datafield tag="040" ind1=" " ind2=" ">
    <subfield code="a">DLC</subfield>
    <subfield code="b">eng</subfield>
    <subfield code="c">DLC</subfield>
    <subfield code="e">rda</subfield>
  </datafield>
  <datafield tag="043" ind1=" " ind2=" ">
    <subfield code="a">f-nr---</subfield>
  </datafield>
  <datafield tag="050" ind1="0" ind2="0">
    <subfield code="a">MLCS 2016/40675 (PQ)</subfield>
  </datafield>
  <datafield tag="100" ind1="1" ind2=" ">
    <subfield code="a">Agu, Ogonna</subfield>
  </datafield>
  <datafield tag="245" ind1="1" ind2="0">
    <subfield code="a">Marching down Biafra Road,</subfield>
    <subfield code="n">vol. 1 :</subfield>
    <subfield code="b">Dark waters of the beginning /</subfield>
    <subfield code="c">Ogonna Agu</subfield>
  </datafield>
  <datafield tag="264" ind1=" " ind2="1">
    <subfield code="a">Enugu, Nigeria :</subfield>
    <subfield code="b">ABIC Books &amp; Equip. Ltd.,</subfield>
    <subfield code="c">2015</subfield>
  </datafield>
  <datafield tag="300" ind1=" " ind2=" ">
    <subfield code="a">205 pages ;</subfield>
    <subfield code="c">18 cm</subfield>
  </datafield>
  <datafield tag="336" ind1=" " ind2=" ">
    <subfield code="a">text</subfield>
    <subfield code="2">rdacontent</subfield>
  </datafield>
  <datafield tag="337" ind1=" " ind2=" ">
    <subfield code="a">unmediated</subfield>
    <subfield code="2">rdamedia</subfield>
  </datafield>
  <datafield tag="338" ind1=" " ind2=" ">
    <subfield code="a">volume</subfield>
    <subfield code="2">rdacarrier</subfield>
  </datafield>
  <datafield tag="500" ind1=" " ind2=" ">
    <subfield code="a">&quot;volume 1&quot;</subfield>
  </datafield>
  <datafield tag="923" ind1=" " ind2=" ">
    <subfield code="a">Purchase</subfield>
    <subfield code="d">2015-12-31</subfield>
    <subfield code="n">AP-B4-04-478</subfield>
    <subfield code="s">Okechukwu Francis; 99001949</subfield>
  </datafield>
</record>