
<record>
  <leader>02210cam a22004577i 4500</leader>
  <controlfield tag="001">18934668</controlfield>
  <controlfield tag="005">20200103120940.0</controlfield>
  <controlfield tag="008">160113s2015    akuab    b   f001 0 eng c</controlfield>
  <datafield tag="906" ind1=" " ind2=" ">
    <subfield code="a">7</subfield>
    <subfield code="b">cbc</subfield>
    <subfield code="c">pccadap</subfield>
    <subfield code="d">2</subfield>
    <subfield code="e">ncip</subfield>
    <subfield code="f">20</subfield>
    <subfield code="g">y-gencatlg</subfield>
  </datafield>
  <datafield tag="925" ind1="0" ind2=" ">
    <subfield code="a">acquire</subfield>
    <subfield code="b">1 shelf copy</subfield>
    <subfield code="x">policy default</subfield>
  </datafield>
  <datafield tag="955" ind1=" " ind2=" ">
    <subfield code="b">hg14 2016-01-13</subfield>
    <subfield code="i">hc08 2016-04-06 z-processor</subfield>
    <subfield code="i">hc08 2016-04-06 v. 1-2 to Dewey</subfield>
    <subfield code="w">xm08 2016-04-25 (telework)</subfield>
  </datafield>
  <datafield tag="010" ind1=" " ind2=" ">
    <subfield code="a">  2015461628</subfield>
  </datafield>
  <datafield tag="035" ind1=" " ind2=" ">
    <subfield code="a">(OCoLC)ocn933583043</subfield>
  </datafield>
  <datafield tag="040" ind1=" " ind2=" ">
    <subfield code="a">GPO</subfield>
    <subfield code="b">eng</subfield>
    <subfield code="c">GPO</subfield>
    <subfield code="e">rda</subfield>
    <subfield code="d">GPO</subfield>
    <subfield code="d">OCLCF</subfield>
    <subfield code="d">DLC</subfield>
  </datafield>
  <datafield tag="043" ind1=" " ind2=" ">
    <subfield code="a">n-us-ak</subfield>
  </datafield>
  <datafield tag="050" ind1="0" ind2="0">
    <subfield code="a">SD428.T6</subfield>
    <subfield code="b">T65 2015</subfield>
  </datafield>
  <datafield tag="082" ind1="0" ind2="0">
    <subfield code="a">634.9/209798</subfield>
    <subfield code="2">23</subfield>
  </datafield>
  <datafield tag="086" ind1="0" ind2=" ">
    <subfield code="a">A 13.105/2:R 10-MB-769/A-B</subfield>
  </datafield>
  <datafield tag="110" ind1="2" ind2=" ">
    <subfield code="a">Tongass National Forest (Agency : U.S.),</subfield>
    <subfield code="e">author.</subfield>
  </datafield>
  <datafield tag="245" ind1="1" ind2="0">
    <subfield code="a">Tongass land and resource management plan :</subfield>
    <subfield code="b">draft environmental impact statement : plan amendment.</subfield>
  </datafield>
  <datafield tag="264" ind1=" " ind2="1">
    <subfield code="a">[Ketchikan, AK] :</subfield>
    <subfield code="b">United States Department of Agriculture, Forest Service, Alaska Region, Tongass National Forest,</subfield>
    <subfield code="c">[2015]</subfield>
  </datafield>
  <datafield tag="300" ind1=" " ind2=" ">
    <subfield code="a">2 volumes (various pagings) :</subfield>
    <subfield code="b">illustrations, maps (some color) ;</subfield>
    <subfield code="c">28 cm +</subfield>
    <subfield code="e">7 folded color maps.</subfield>
  </datafield>
  <datafield tag="336" ind1=" " ind2=" ">
    <subfield code="a">text</subfield>
    <subfield code="b">txt</subfield>
    <subfield code="2">rdacontent</subfield>
  </datafield>
  <datafield tag="337" ind1=" " ind2=" ">
    <subfield code="a">unmediated</subfield>
    <subfield code="b">n</subfield>
    <subfield code="2">rdamedia</subfield>
  </datafield>
  <datafield tag="338" ind1=" " ind2=" ">
    <subfield code="a">volume</subfield>
    <subfield code="b">nc</subfield>
    <subfield code="2">rdacarrier</subfield>
  </datafield>
  <datafield tag="490" ind1="0" ind2=" ">
    <subfield code="a">R10-MB ;</subfield>
    <subfield code="v">769a</subfield>
  </datafield>
  <datafield tag="490" ind1="0" ind2=" ">
    <subfield code="a">R10-MB ;</subfield>
    <subfield code="v">769b</subfield>
  </datafield>
  <datafield tag="500" ind1=" " ind2=" ">
    <subfield code="a">Cover title.</subfield>
  </datafield>
  <datafield tag="500" ind1=" " ind2=" ">
    <subfield code="a">&quot;November 2015.&quot;</subfield>
  </datafield>
  <datafield tag="500" ind1=" " ind2=" ">
    <subfield code="a">Format not distributed to depository libraries.</subfield>
  </datafield>
  <datafield tag="504" ind1=" " ind2=" ">
    <subfield code="a">Includes bibliographical references and index.</subfield>
  </datafield>
  <datafield tag="651" ind1=" " ind2="0">
    <subfield code="a">Tongass National Forest (Alaska)</subfield>
    <subfield code="x">Management</subfield>
    <subfield code="x">Planning.</subfield>
  </datafield>
  <datafield tag="650" ind1=" " ind2="0">
    <subfield code="a">Forest management</subfield>
    <subfield code="z">Alaska</subfield>
    <subfield code="z">Tongass National Forest.</subfield>
  </datafield>
  <datafield tag="650" ind1=" " ind2="0">
    <subfield code="a">Forest policy</subfield>
    <subfield code="z">Alaska</subfield>
    <subfield code="z">Tongass National Forest.</subfield>
  </datafield>
  <datafield tag="650" ind1=" " ind2="0">
    <subfield code="a">Environmental impact statements</subfield>
    <subfield code="z">Alaska</subfield>
    <subfield code="z">Tongass National Forest.</subfield>
  </datafield>
  <datafield tag="650" ind1=" " ind2="7">
    <subfield code="a">Environmental impact statements.</subfield>
    <subfield code="2">fast</subfield>
    <subfield code="0">(OCoLC)fst00913090</subfield>
  </datafield>
  <datafield tag="650" ind1=" " ind2="7">
    <subfield code="a">Forest management.</subfield>
    <subfield code="2">fast</subfield>
    <subfield code="0">(OCoLC)fst00932231</subfield>
  </datafield>
  <datafield tag="650" ind1=" " ind2="7">
    <subfield code="a">Forest policy.</subfield>
    <subfield code="2">fast</subfield>
    <subfield code="0">(OCoLC)fst00932311</subfield>
  </datafield>
  <datafield tag="650" ind1=" " ind2="7">
    <subfield code="a">Management</subfield>
    <subfield code="x">Planning.</subfield>
    <subfield code="2">fast</subfield>
    <subfield code="0">(OCoLC)fst01007208</subfield>
  </datafield>
  <datafield tag="651" ind1=" " ind2="7">
    <subfield code="a">Alaska</subfield>
    <subfield code="z">Tongass National Forest.</subfield>
    <subfield code="2">fast</subfield>
    <subfield code="0">(OCoLC)fst01308705</subfield>
  </datafield>
  <datafield tag="776" ind1="0" ind2="8">
    <subfield code="i">Online version:</subfield>
    <subfield code="a">Tongass National Forest (Agency : U.S.).</subfield>
    <subfield code="t">Tongass land and resource management plan : draft environmental impact statement.</subfield>
    <subfield code="w">(OCoLC)933583083</subfield>
  </datafield>
</record>