
<record>
  <leader>01494cam a22003257i 4500</leader>
  <controlfield tag="001">18938387</controlfield>
  <controlfield tag="005">20200103120942.0</controlfield>
  <controlfield tag="008">160115s2015    ko a          000 0 kor  </controlfield>
  <datafield tag="906" ind1=" " ind2=" ">
    <subfield code="a">7</subfield>
    <subfield code="b">cbc</subfield>
    <subfield code="c">orignew</subfield>
    <subfield code="d">4</subfield>
    <subfield code="e">ncip</subfield>
    <subfield code="f">20</subfield>
    <subfield code="g">y-nonroman</subfield>
  </datafield>
  <datafield tag="925" ind1="0" ind2=" ">
    <subfield code="a">acquire</subfield>
    <subfield code="b">1 shelf copy</subfield>
    <subfield code="x">SL 2015-11-03</subfield>
  </datafield>
  <datafield tag="955" ind1=" " ind2=" ">
    <subfield code="b">cf21 2016-02-10</subfield>
    <subfield code="h">cf07 2016-11-10 to Asian</subfield>
    <subfield code="a">slin 2017-01-31 received in Asian Div.</subfield>
  </datafield>
  <datafield tag="010" ind1=" " ind2=" ">
    <subfield code="a">  2015523499</subfield>
  </datafield>
  <datafield tag="040" ind1=" " ind2=" ">
    <subfield code="a">DLC</subfield>
    <subfield code="b">eng</subfield>
    <subfield code="c">DLC</subfield>
    <subfield code="e">rda</subfield>
  </datafield>
  <datafield tag="050" ind1="0" ind2="0">
    <subfield code="a">MLCMK 2016/00210 (H)</subfield>
  </datafield>
  <datafield tag="066" ind1=" " ind2=" ">
    <subfield code="c">$1</subfield>
  </datafield>
  <datafield tag="245" ind1="0" ind2="0">
    <subfield code="6">880-01</subfield>
    <subfield code="a">Hamkke hanŭn kkum, hamkke yŏnŭn arŭmdaun sesang :</subfield>
    <subfield code="b">2014 Hyŏndaech&apos;a Chŏng Mong-gu Chaedan sahoe konghŏn paeksŏ.</subfield>
  </datafield>
  <datafield tag="880" ind1="0" ind2="0">
    <subfield code="6">245-01/$1</subfield>
    <subfield code="a">함께 하는 꿈, 함께 여는 아름다운 세상 :</subfield>
    <subfield code="b">2014 현대차 정 몽구 재단 사회 공헌 백서.</subfield>
  </datafield>
  <datafield tag="246" ind1="3" ind2="1">
    <subfield code="6">880-02</subfield>
    <subfield code="a">2014 Hyŏndaech&apos;a Chŏng Mong-gu Chaedan sahoe konghŏn paeksŏ</subfield>
  </datafield>
  <datafield tag="880" ind1="3" ind2="1">
    <subfield code="6">246-02/$1</subfield>
    <subfield code="a">2014 현대차 정 몽구 재단 사회 공헌 백서</subfield>
  </datafield>
  <datafield tag="264" ind1=" " ind2="1">
    <subfield code="6">880-03</subfield>
    <subfield code="a">Sŏul-si :</subfield>
    <subfield code="b">Hyŏndaech&apos;a Chŏng Mong-gu Chaedan,</subfield>
    <subfield code="c">2015.</subfield>
  </datafield>
  <datafield tag="880" ind1=" " ind2="1">
    <subfield code="6">264-03/$1</subfield>
    <subfield code="a">서울시 :</subfield>
    <subfield code="b">현대차 정 몽구 재단,</subfield>
    <subfield code="c">2015.</subfield>
  </datafield>
  <datafield tag="300" ind1=" " ind2=" ">
    <subfield code="a">98 pages :</subfield>
    <subfield code="b">color illustrations ;</subfield>
    <subfield code="c">29 cm</subfield>
  </datafield>
  <datafield tag="336" ind1=" " ind2=" ">
    <subfield code="a">text</subfield>
    <subfield code="2">rdacontent</subfield>
  </datafield>
  <datafield tag="337" ind1=" " ind2=" ">
    <subfield code="a">unmediated</subfield>
    <subfield code="2">rdamedia</subfield>
  </datafield>
  <datafield tag="338" ind1=" " ind2=" ">
    <subfield code="a">volume</subfield>
    <subfield code="2">rdacarrier</subfield>
  </datafield>
  <datafield tag="500" ind1=" " ind2=" ">
    <subfield code="a">Cover title.</subfield>
  </datafield>
  <datafield tag="710" ind1="2" ind2=" ">
    <subfield code="6">880-04</subfield>
    <subfield code="a">Hyŏndaech&apos;a Chŏng Mong-gu Chaedan,</subfield>
    <subfield code="e">issuing body.</subfield>
  </datafield>
  <datafield tag="880" ind1="2" ind2=" ">
    <subfield code="6">710-04/$1</subfield>
    <subfield code="a">현대차 정 몽구 재단,</subfield>
    <subfield code="e">issuing body.</subfield>
  </datafield>
  <datafield tag="923" ind1=" " ind2=" ">
    <subfield code="d">20151202</subfield>
    <subfield code="n">151202</subfield>
    <subfield code="s">Eulyoo</subfield>
  </datafield>
  <datafield tag="952" ind1=" " ind2=" ">
    <subfield code="a">Eulyoo order data</subfield>
  </datafield>
</record>