
<record>
  <leader>02787cam a22003257i 4500</leader>
  <controlfield tag="001">18938896</controlfield>
  <controlfield tag="005">20200103120942.0</controlfield>
  <controlfield tag="008">160111s2015    be af    b    001 0 dut  </controlfield>
  <datafield tag="906" ind1=" " ind2=" ">
    <subfield code="a">7</subfield>
    <subfield code="b">cbc</subfield>
    <subfield code="c">origres</subfield>
    <subfield code="d">3</subfield>
    <subfield code="e">ncip</subfield>
    <subfield code="f">20</subfield>
    <subfield code="g">y-gencatlg</subfield>
  </datafield>
  <datafield tag="925" ind1="0" ind2=" ">
    <subfield code="a">acquire</subfield>
    <subfield code="b">1 shelf copy</subfield>
    <subfield code="x">policy default</subfield>
  </datafield>
  <datafield tag="955" ind1=" " ind2=" ">
    <subfield code="b">BD25 2016-05-26</subfield>
    <subfield code="b">bc12 2018-05-14 z-processor (telework)</subfield>
    <subfield code="i">bc12 2018-05-30 (telework)</subfield>
    <subfield code="e">bc12 2018-06-12 to BCCD (ABAchecked &amp; Labeled)</subfield>
  </datafield>
  <datafield tag="010" ind1=" " ind2=" ">
    <subfield code="a">  2016398637</subfield>
  </datafield>
  <datafield tag="020" ind1=" " ind2=" ">
    <subfield code="a">9789089243805</subfield>
  </datafield>
  <datafield tag="020" ind1=" " ind2=" ">
    <subfield code="a">9089243801</subfield>
  </datafield>
  <datafield tag="040" ind1=" " ind2=" ">
    <subfield code="a">DLC</subfield>
    <subfield code="c">DLC</subfield>
  </datafield>
  <datafield tag="050" ind1="0" ind2="0">
    <subfield code="a">D541</subfield>
    <subfield code="b">.T45 2015</subfield>
  </datafield>
  <datafield tag="100" ind1="1" ind2=" ">
    <subfield code="a">Thiry, August.</subfield>
  </datafield>
  <datafield tag="245" ind1="1" ind2="0">
    <subfield code="a">King Albert&apos;s heroes :</subfield>
    <subfield code="b">hoe 400 jonge Belgen vochten in Rusland en de vs veroverden /</subfield>
    <subfield code="c">August Thiry ; Dirk Van Cleemput.</subfield>
  </datafield>
  <datafield tag="260" ind1=" " ind2=" ">
    <subfield code="a">Antwerpen :</subfield>
    <subfield code="b">Houtekiet</subfield>
    <subfield code="c">2015.</subfield>
  </datafield>
  <datafield tag="300" ind1=" " ind2=" ">
    <subfield code="a">428  pages, [32] pages of plates :</subfield>
    <subfield code="b">illustations ;</subfield>
    <subfield code="c">25 cm.</subfield>
  </datafield>
  <datafield tag="336" ind1=" " ind2=" ">
    <subfield code="a">text</subfield>
    <subfield code="b">txt</subfield>
    <subfield code="2">rdacontent</subfield>
  </datafield>
  <datafield tag="337" ind1=" " ind2=" ">
    <subfield code="a">unmediated</subfield>
    <subfield code="b">n</subfield>
    <subfield code="2">rdamedia</subfield>
  </datafield>
  <datafield tag="338" ind1=" " ind2=" ">
    <subfield code="a">volume</subfield>
    <subfield code="b">nc</subfield>
    <subfield code="2">rdacarrier</subfield>
  </datafield>
  <datafield tag="520" ind1="8" ind2=" ">
    <subfield code="a">Herfst 1914. De IJzervlakte staat blank, soldaten in de loopgraven. Vierhonderd jonge Belgen komen samen in Parijs. Een elitegroep. Ze gaan aan de slag met pantserauto&apos;s en worden het ACM, les Autos-Canons-Mitrailleuses. Enkele maanden later merkt een Russische kapitein hen op aan de Frans-Belgische grens: hij onderhandelt met koning Albert, en die schenkt het korps van de pantserauto&apos;s aan de Russische tsaar. 0Dat is het begin van een onwaarschijnlijke odyssee die de jonge soldaten over de hele wereld brengt. In 1915 en 1916 vechten ze mee in Rusland in het leger van de tsaar, en weerstaan ze de barre kou van de Karpaten. Een jaar later beleven ze de Russische revolutie van op de eerste rij en raken ze betrokken in de burgeroorlog die losbarst na de machtsovername door Lenin en Trotski. Ze bemachtigen een trein, sporen dwars door Siberië naar China en steken van daar in 1918 de Stille Oceaan over naar de Verenigde Staten. Daar worden de vierhonderd soldaten als helden onthaald, King Albert&apos;s Heroes, en mogen ze defileren van San Francisco tot New York. 0&apos;King Albert&apos;s Heroes&apos; doet het verhaal van het pantserkorps, en vertelt over jonge soldaten als de schrijver Marcel Thiry, de worstelkampioen Constant le Marin, de communist Julien Lahaut, en vele anderen. De gesneuvelden, de deserteurs, de dronkaards, de zwanzers, de gehuwden. Kleine helden in tijden van oorlog, revolutie en ondergang. Vierhonderd Belgen, driehonderd pagina&apos;s wereldwijd avontuur, honderd pagina&apos;s unieke foto&apos;s door henzelf bewaard.</subfield>
  </datafield>
  <datafield tag="504" ind1=" " ind2=" ">
    <subfield code="a">Includes bibliographical references and index.</subfield>
  </datafield>
  <datafield tag="650" ind1=" " ind2="0">
    <subfield code="a">World War, 1914-1918</subfield>
    <subfield code="z">Belgium.</subfield>
  </datafield>
  <datafield tag="651" ind1=" " ind2="0">
    <subfield code="a">Soviet Union</subfield>
    <subfield code="x">History</subfield>
    <subfield code="y">Revolution, 1917-1921</subfield>
    <subfield code="x">Participation, Belgian.</subfield>
  </datafield>
  <datafield tag="700" ind1="1" ind2=" ">
    <subfield code="a">Van Cleemput, Dirk.</subfield>
  </datafield>
  <datafield tag="923" ind1=" " ind2=" ">
    <subfield code="d">20160111</subfield>
    <subfield code="n">60001054</subfield>
    <subfield code="s">V00009436</subfield>
  </datafield>
  <datafield tag="985" ind1=" " ind2=" ">
    <subfield code="e">VENDOR LOAD</subfield>
  </datafield>
</record>