
<record>
  <leader>01928cam a22003017i 4500</leader>
  <controlfield tag="001">18938923</controlfield>
  <controlfield tag="005">20200103120943.0</controlfield>
  <controlfield tag="008">150930s2015    be       b    001 0 dut  </controlfield>
  <datafield tag="906" ind1=" " ind2=" ">
    <subfield code="a">7</subfield>
    <subfield code="b">cbc</subfield>
    <subfield code="c">origres</subfield>
    <subfield code="d">3</subfield>
    <subfield code="e">ncip</subfield>
    <subfield code="f">20</subfield>
    <subfield code="g">y-gencatlg</subfield>
  </datafield>
  <datafield tag="925" ind1="0" ind2=" ">
    <subfield code="a">acquire</subfield>
    <subfield code="b">1 shelf copy</subfield>
    <subfield code="x">policy default</subfield>
  </datafield>
  <datafield tag="955" ind1=" " ind2=" ">
    <subfield code="b">BD25 2016-05-10</subfield>
    <subfield code="b">bc12 2018-11-07 z-processor (telework)</subfield>
    <subfield code="i">bc12 2019-01-09 (telework)</subfield>
    <subfield code="e">bc12 2019-02-27 to BCCD (ABACheck &amp; Labeled)</subfield>
  </datafield>
  <datafield tag="010" ind1=" " ind2=" ">
    <subfield code="a">  2016398405</subfield>
  </datafield>
  <datafield tag="020" ind1=" " ind2=" ">
    <subfield code="a">9789463100281</subfield>
  </datafield>
  <datafield tag="020" ind1=" " ind2=" ">
    <subfield code="a">9463100288</subfield>
  </datafield>
  <datafield tag="040" ind1=" " ind2=" ">
    <subfield code="a">DLC</subfield>
    <subfield code="b">eng</subfield>
    <subfield code="e">rda</subfield>
    <subfield code="c">DLC</subfield>
  </datafield>
  <datafield tag="050" ind1="0" ind2="0">
    <subfield code="a">BF41</subfield>
    <subfield code="b">.V36 2015</subfield>
  </datafield>
  <datafield tag="100" ind1="1" ind2=" ">
    <subfield code="a">Van Houdt, Toon.</subfield>
  </datafield>
  <datafield tag="245" ind1="1" ind2="0">
    <subfield code="a">Mietjes, monsters en barbaren:</subfield>
    <subfield code="b">Hoe we de klassieke oudheid gebruiken om onszelf te begrijpen.</subfield>
    <subfield code="c">Toon Van Houdt.</subfield>
  </datafield>
  <datafield tag="264" ind1=" " ind2="1">
    <subfield code="a">Kalmthout :</subfield>
    <subfield code="b">Uitgeverij Polis</subfield>
    <subfield code="c">2015.</subfield>
  </datafield>
  <datafield tag="300" ind1=" " ind2=" ">
    <subfield code="a">361 pages ;</subfield>
    <subfield code="c">21 cm</subfield>
  </datafield>
  <datafield tag="336" ind1=" " ind2=" ">
    <subfield code="a">text</subfield>
    <subfield code="b">txt</subfield>
    <subfield code="2">rdacontent</subfield>
  </datafield>
  <datafield tag="337" ind1=" " ind2=" ">
    <subfield code="a">unmediated</subfield>
    <subfield code="b">n</subfield>
    <subfield code="2">rdamedia</subfield>
  </datafield>
  <datafield tag="338" ind1=" " ind2=" ">
    <subfield code="a">volume</subfield>
    <subfield code="b">nc</subfield>
    <subfield code="2">rdacarrier</subfield>
  </datafield>
  <datafield tag="504" ind1=" " ind2=" ">
    <subfield code="a">Includes bibliographical references (pages 325-326) and index.</subfield>
  </datafield>
  <datafield tag="520" ind1="8" ind2=" ">
    <subfield code="a">Alle wegen leiden naar de Grieks-Romeinse oudheid. Als we vandaag zijn wie we zijn, dan komt dat in niet geringe mate omdat we ons spiegelen aan wat er zich heel lang geleden in Rome en Athene afspeelde. Toon Van Houdt toont aan hoe wij, moderne mensen, in vele opzichten moderne Grieken en Romeinen zijn. De moderne westerse mens heeft de klassieke oudheid nodig gehad om zichzelf te ontdekken. Onze antieke voorvaderen bedachten al categorieën van mensen om zichzelf te bepalen: onbeschaafde vreemden, onechte mannen (en vrouwen), lelijke monsters of zelfs dierlijke monsterrassen. Ook wij maken gretig gebruik van die categorieën en passen de oudheid aan onze besognes aan. Toon Van Houdt beschrijft op fascinerende wijze hoe we de Grieken en Romeinen al eeuwenlang enthousiast voor ons karretje spannen.</subfield>
  </datafield>
  <datafield tag="650" ind1=" " ind2="0">
    <subfield code="a">Psychology and philosophy</subfield>
  </datafield>
  <datafield tag="923" ind1=" " ind2=" ">
    <subfield code="d">20160111</subfield>
    <subfield code="n">60001056</subfield>
    <subfield code="s">V00009436</subfield>
  </datafield>
  <datafield tag="985" ind1=" " ind2=" ">
    <subfield code="e">VENDOR LOAD</subfield>
  </datafield>
</record>