
<record>
  <leader>04341cam a22003617i 4500</leader>
  <controlfield tag="001">18939486</controlfield>
  <controlfield tag="005">20200103120943.0</controlfield>
  <controlfield tag="008">151214t20152016fr     g b    000 0 fre  </controlfield>
  <datafield tag="906" ind1=" " ind2=" ">
    <subfield code="a">7</subfield>
    <subfield code="b">cbc</subfield>
    <subfield code="c">origres</subfield>
    <subfield code="d">3</subfield>
    <subfield code="e">ncip</subfield>
    <subfield code="f">20</subfield>
    <subfield code="g">y-gencatlg</subfield>
  </datafield>
  <datafield tag="925" ind1="0" ind2=" ">
    <subfield code="a">acquire</subfield>
    <subfield code="b">1 shelf copy</subfield>
    <subfield code="x">policy default</subfield>
  </datafield>
  <datafield tag="955" ind1=" " ind2=" ">
    <subfield code="b">bd19 2016-02-26</subfield>
    <subfield code="b">bd31 2018-07-03 z-processor</subfield>
    <subfield code="i">bc12 2018-08-22 (telework)</subfield>
    <subfield code="e">bc12 2018-09-04 to BCCD (ABACheck &amp; Labeled)</subfield>
  </datafield>
  <datafield tag="010" ind1=" " ind2=" ">
    <subfield code="a">  2015526372</subfield>
  </datafield>
  <datafield tag="020" ind1=" " ind2=" ">
    <subfield code="a">9782717867701</subfield>
    <subfield code="q">(paperback)</subfield>
  </datafield>
  <datafield tag="020" ind1=" " ind2=" ">
    <subfield code="a">2717867708</subfield>
    <subfield code="q">(paperback)</subfield>
  </datafield>
  <datafield tag="040" ind1=" " ind2=" ">
    <subfield code="a">DLC</subfield>
    <subfield code="b">eng</subfield>
    <subfield code="e">rda</subfield>
    <subfield code="c">DLC</subfield>
  </datafield>
  <datafield tag="043" ind1=" " ind2=" ">
    <subfield code="a">e-fr---</subfield>
  </datafield>
  <datafield tag="050" ind1="0" ind2="0">
    <subfield code="a">HV8203</subfield>
    <subfield code="b">.M675 2016</subfield>
  </datafield>
  <datafield tag="100" ind1="1" ind2=" ">
    <subfield code="a">Moreau de Bellaing, Cédric.</subfield>
  </datafield>
  <datafield tag="245" ind1="1" ind2="0">
    <subfield code="a">Force publique :</subfield>
    <subfield code="b">une sociologie de l&apos;institution policière /</subfield>
    <subfield code="c">Cédric Moreau de Bellaing.</subfield>
  </datafield>
  <datafield tag="264" ind1=" " ind2="1">
    <subfield code="a">Paris :</subfield>
    <subfield code="b">Economica,</subfield>
    <subfield code="c">[2016]</subfield>
  </datafield>
  <datafield tag="264" ind1=" " ind2="4">
    <subfield code="c">©2016</subfield>
  </datafield>
  <datafield tag="300" ind1=" " ind2=" ">
    <subfield code="a">167 pages ;</subfield>
    <subfield code="c">24 cm.</subfield>
  </datafield>
  <datafield tag="336" ind1=" " ind2=" ">
    <subfield code="a">text</subfield>
    <subfield code="b">txt</subfield>
    <subfield code="2">rdacontent</subfield>
  </datafield>
  <datafield tag="337" ind1=" " ind2=" ">
    <subfield code="a">unmediated</subfield>
    <subfield code="b">n</subfield>
    <subfield code="2">rdamedia</subfield>
  </datafield>
  <datafield tag="338" ind1=" " ind2=" ">
    <subfield code="a">volume</subfield>
    <subfield code="b">nc</subfield>
    <subfield code="2">rdacarrier</subfield>
  </datafield>
  <datafield tag="490" ind1="1" ind2=" ">
    <subfield code="a">Collection Études sociologiques</subfield>
  </datafield>
  <datafield tag="504" ind1=" " ind2=" ">
    <subfield code="a">Includes bibliographical references (pages 163-169).</subfield>
  </datafield>
  <datafield tag="505" ind1="0" ind2="0">
    <subfield code="t">Introduction : Comprendre l&apos;activité policière --</subfield>
    <subfield code="t">Critique interne et critique externe de la police --</subfield>
    <subfield code="t">L&apos;hypothèse d&apos;une réflexivité minimale de l&apos;institution policière --</subfield>
    <subfield code="g">1.</subfield>
    <subfield code="t">Quand la force publique devient violence privée --</subfield>
    <subfield code="t">Ce que fait la police des polices --</subfield>
    <subfield code="t">Se plaindre auprès de l&apos;IGS --</subfield>
    <subfield code="t">Les codages des violences policières en vigueur à l&apos;IGS --</subfield>
    <subfield code="t">Un service d&apos;enquête aux compétences administratives et judiciaires --</subfield>
    <subfield code="t">Une clémence prononcée envers les violences illégitimes --</subfield>
    <subfield code="t">Châtier les violences privées, préserver la force publique --</subfield>
    <subfield code="g">2.</subfield>
    <subfield code="t">Comment des policiers enquêtent sur des policiers --</subfield>
    <subfield code="t">Faire exister la plainte --</subfield>
    <subfield code="t">Résorber la &quot;zone grise --</subfield>
    <subfield code="t">Violences légitimes et violences illégitimes --</subfield>
    <subfield code="t">Conclure et trancher --</subfield>
    <subfield code="g">3.</subfield>
    <subfield code="t">Violence et professionnalisme policiers --</subfield>
    <subfield code="t">Violence et autorité à l&apos;école de police --</subfield>
    <subfield code="t">De la violence à l&apos;autorité en situation, et retour --</subfield>
    <subfield code="t">Manque de professionnalisme et singularisation des fautes policières --</subfield>
    <subfield code="g">4.</subfield>
    <subfield code="t">Publicité et légitimité de l&apos;action policière --</subfield>
    <subfield code="t">Des fautes commises hors service à la vie privée des policiers --</subfield>
    <subfield code="t">Des violences illégitimes aux dévoiements de la fonction policière --</subfield>
    <subfield code="t">Les différentes modalités de privatisation de l&apos;action policière --</subfield>
    <subfield code="t">Police et public : l&apos;ordre de la loi --</subfield>
    <subfield code="t">Conclusion : De la sociologie à la critique de la police.</subfield>
  </datafield>
  <datafield tag="520" ind1=" " ind2=" ">
    <subfield code="a">&quot;Corruption, abus de pouvoir, usage excessif de la force : les déviances policières défraient régulièrement la chronique. Comment sont-elles traitées par les services disciplinaires de la police nationale? Eux-mêmes policiers, les enquêteurs qui composent la &quot;police des polices&quot; font-ils preuve de complaisance vis-à-vis de leurs collègues? Comment comprendre, sinon, que les violences soient si peu sanctionnées au regard d&apos;autres types de dévoiements de la fonction policière? Cet ouvrage explore ces questions et, plus généralement, celle des contours de la discipline policière à partir de deux terrains : une école de gardiens de la paix et un service dédié à l&apos;investigation de plaintes déposées contre des fonctionnaires de la force publique. Dans la première, où l&apos;on apprend aux élèves gardiens de la paix les principes pratiques de leur future activité, comme dans le second, dont les enquêtes disciplinaires constituent un rappel à ces principes pratiques, s&apos;explicite le rapport que les policiers entretiennent à l&apos;autorité et au droit. Ce livre permet ainsi de comprendre pourquoi l&apos;usage illégitime de la violence n&apos;est pas constitué en problème par ces instances de la police nationale, tandis que d&apos;autres types de déviances policières, moins spectaculaires mais conçues comme des atteintes potentiellement graves à la pérennité de l&apos;institution, se voient davantage sanctionnées. Ce faisant, ce livre éclaire ce à quoi tiennent les policiers et propose un retour sur l&apos;articulation entre police, discipline et droit.&quot;--Page 4 of cover.</subfield>
  </datafield>
  <datafield tag="650" ind1=" " ind2="0">
    <subfield code="a">Police</subfield>
    <subfield code="z">France</subfield>
    <subfield code="x">History</subfield>
    <subfield code="y">21st century.</subfield>
  </datafield>
  <datafield tag="830" ind1=" " ind2="0">
    <subfield code="a">Etudes sociologiques (Economica (Firm))</subfield>
  </datafield>
  <datafield tag="923" ind1=" " ind2=" ">
    <subfield code="d">20160107</subfield>
    <subfield code="n">555042</subfield>
    <subfield code="s">93000601</subfield>
  </datafield>
  <datafield tag="985" ind1=" " ind2=" ">
    <subfield code="e">VENDOR LOAD</subfield>
  </datafield>
</record>