
<record>
  <leader>03279cam a22003137i 4500</leader>
  <controlfield tag="001">18947245</controlfield>
  <controlfield tag="005">20200103150544.0</controlfield>
  <controlfield tag="008">160125s2016    nyu           000 0 eng  </controlfield>
  <datafield tag="906" ind1=" " ind2=" ">
    <subfield code="a">7</subfield>
    <subfield code="b">vip</subfield>
    <subfield code="c">orignew</subfield>
    <subfield code="d">1</subfield>
    <subfield code="e">ecip</subfield>
    <subfield code="f">20</subfield>
    <subfield code="g">y-gencatlg</subfield>
  </datafield>
  <datafield tag="925" ind1="0" ind2=" ">
    <subfield code="a">acquire</subfield>
    <subfield code="b">1 shelf copy</subfield>
    <subfield code="x">policy default</subfield>
  </datafield>
  <datafield tag="955" ind1=" " ind2=" ">
    <subfield code="b">rm13 2016-01-25</subfield>
    <subfield code="c">rm13 2016-03-25 (telework)</subfield>
    <subfield code="d">rm03 2016-04-01</subfield>
    <subfield code="e">rm11 2016-04-01 to Dewey</subfield>
    <subfield code="a">xn11 2016-04-04 1 copy rec&apos;d., to CIP ver.</subfield>
    <subfield code="w">xm09 2016-04-05</subfield>
    <subfield code="f">rm06 2016-05-04  to CALM</subfield>
  </datafield>
  <datafield tag="010" ind1=" " ind2=" ">
    <subfield code="a">  2015036720</subfield>
  </datafield>
  <datafield tag="020" ind1=" " ind2=" ">
    <subfield code="a">9781138843707 (hardback)</subfield>
  </datafield>
  <datafield tag="020" ind1=" " ind2=" ">
    <subfield code="z">9781315637488 (ebook)</subfield>
  </datafield>
  <datafield tag="040" ind1=" " ind2=" ">
    <subfield code="a">DLC</subfield>
    <subfield code="b">eng</subfield>
    <subfield code="c">DLC</subfield>
    <subfield code="e">rda</subfield>
    <subfield code="d">DLC</subfield>
  </datafield>
  <datafield tag="043" ind1=" " ind2=" ">
    <subfield code="a">p------</subfield>
  </datafield>
  <datafield tag="050" ind1="0" ind2="0">
    <subfield code="a">HQ1240.5.P16</subfield>
    <subfield code="b">H86 2016</subfield>
  </datafield>
  <datafield tag="082" ind1="0" ind2="0">
    <subfield code="a">305.409182/3</subfield>
    <subfield code="2">23</subfield>
  </datafield>
  <datafield tag="245" ind1="0" ind2="0">
    <subfield code="a">Human development and capacity building :</subfield>
    <subfield code="b">Asia Pacific trends, challenges and prospects for the future /</subfield>
    <subfield code="c">edited by Maria Fay Rola-Rubzen and John Burgess.</subfield>
  </datafield>
  <datafield tag="250" ind1=" " ind2=" ">
    <subfield code="a">First Edition.</subfield>
  </datafield>
  <datafield tag="264" ind1=" " ind2="1">
    <subfield code="a">New York :</subfield>
    <subfield code="b">Routledge, Taylor &amp; Francis Group,</subfield>
    <subfield code="c">2016.</subfield>
  </datafield>
  <datafield tag="300" ind1=" " ind2=" ">
    <subfield code="a">xiii, 264 pages ;</subfield>
    <subfield code="c">24 cm.</subfield>
  </datafield>
  <datafield tag="336" ind1=" " ind2=" ">
    <subfield code="a">text</subfield>
    <subfield code="2">rdacontent</subfield>
  </datafield>
  <datafield tag="337" ind1=" " ind2=" ">
    <subfield code="a">unmediated</subfield>
    <subfield code="2">rdamedia</subfield>
  </datafield>
  <datafield tag="338" ind1=" " ind2=" ">
    <subfield code="a">volume</subfield>
    <subfield code="2">rdacarrier</subfield>
  </datafield>
  <datafield tag="490" ind1="0" ind2=" ">
    <subfield code="a">Routledge studies in the modern world economy ;</subfield>
    <subfield code="v">152</subfield>
  </datafield>
  <datafield tag="505" ind1="0" ind2=" ">
    <subfield code="a">Capacity building in the asia pacific : an introduction / Maria Fay Rola-Rubzen and John Burgess -- Enhancing women&apos;s capacities in agricultural research and development in Asia and Africa / Maria Fay Rola-Rubzen, Thelma R. Paris, Joyce Luis and Farveh Farivar -- Women&apos;s work motivation and the influence on human capital development in Bhutan / Kantha Dayaram and Yue Liu -- &quot;Scarcity in plenty&quot; : skills shortages and hrm competencies in Vietnam / Alan Nankervis, Prikshat Verma and Alan Montague -- Gender development in Myanmar : an exploration of women&apos;s leadership trajectory / Maria Fay Rola-Rubzen, Kantha Dayaram and John Burgess -- The political economy of capacity building in the French Pacific territories / Stéphane Le Queux and Stéphanie Graff -- Using targeted jobs programs to support local communities : the case of Indonesia / Emma Allen and John Burgess -- A participatory model of corruption resistance : the case of NGOs in India / Sten Langmann and David Pick -- A chronicle of indigenous entrepreneurship, human development and capacity building in East Arnhem land of Australia / Cecil Arthur Leonard Pearson and Yi Liu -- Breaking the poverty cycle through linking farmers to markets in Timor Leste : the world vision income generation project / Vicente de Paulo Correia and Maria Fay Rola-Rubzen -- Harnessing community capacity to coordinate and integrate natural and behavioural science perspectives : a groundwater management case study from rural India / Basant Maheshwari, John Ward, Maria Estela Varua, Ramesh Chandra Purohit, Hakimuddin Ognawala, Sachin Oza, Yogesh Jadeja and Roger Packham -- Labour participation and women empowerment : implications for capacity building of women in potato production in Pakistan / Amjad Khan, Maria Fay Rola-Rubzen and Kantha Dayaram -- Can maize (zea mays l) uplift farm economy? : a case study / Kalyan Kanti Das, S. Barman and Laxmi Thingbaijam -- Concluding thoughts / Maria Fay Rola-Rubzen, John Burgess and Yue Liu.</subfield>
  </datafield>
  <datafield tag="650" ind1=" " ind2="0">
    <subfield code="a">Women in development</subfield>
    <subfield code="z">Pacific Area.</subfield>
  </datafield>
  <datafield tag="700" ind1="1" ind2=" ">
    <subfield code="a">Rola-Rubzen, Maria Fay,</subfield>
    <subfield code="e">editor.</subfield>
  </datafield>
</record>