
<record>
  <leader>03946cam a22006137i 4500</leader>
  <controlfield tag="001">18949580</controlfield>
  <controlfield tag="005">20200103150545.0</controlfield>
  <controlfield tag="008">160127t20162016be a     bc   001 0deng c</controlfield>
  <datafield tag="906" ind1=" " ind2=" ">
    <subfield code="a">7</subfield>
    <subfield code="b">cbc</subfield>
    <subfield code="c">pccadap</subfield>
    <subfield code="d">2</subfield>
    <subfield code="e">epcn</subfield>
    <subfield code="f">20</subfield>
    <subfield code="g">y-gencatlg</subfield>
  </datafield>
  <datafield tag="925" ind1="0" ind2=" ">
    <subfield code="a">acquire</subfield>
    <subfield code="b">1 shelf copy</subfield>
    <subfield code="x">policy default</subfield>
  </datafield>
  <datafield tag="955" ind1=" " ind2=" ">
    <subfield code="b">rk11 2018-09-28 z-processor</subfield>
    <subfield code="i">rk11 2018-09-28 to Dewey</subfield>
    <subfield code="w">xm09 2018-10-04</subfield>
  </datafield>
  <datafield tag="955" ind1=" " ind2=" ">
    <subfield code="a">pc24 2016-01-27</subfield>
    <subfield code="a">xn05 2017-05-09 1 copy to USASH</subfield>
  </datafield>
  <datafield tag="010" ind1=" " ind2=" ">
    <subfield code="a">  2016931965</subfield>
  </datafield>
  <datafield tag="020" ind1=" " ind2=" ">
    <subfield code="a">9780300220148</subfield>
    <subfield code="q">(hardback)</subfield>
  </datafield>
  <datafield tag="020" ind1=" " ind2=" ">
    <subfield code="a">0300220146</subfield>
    <subfield code="q">(hardback)</subfield>
  </datafield>
  <datafield tag="020" ind1=" " ind2=" ">
    <subfield code="a">9789462301139</subfield>
    <subfield code="q">(Mercatorfonds)</subfield>
  </datafield>
  <datafield tag="020" ind1=" " ind2=" ">
    <subfield code="a">9462301131</subfield>
    <subfield code="q">(Mercatorfonds)</subfield>
  </datafield>
  <datafield tag="035" ind1=" " ind2=" ">
    <subfield code="a">(OCoLC)ocn929592042</subfield>
  </datafield>
  <datafield tag="040" ind1=" " ind2=" ">
    <subfield code="a">ERASA</subfield>
    <subfield code="b">eng</subfield>
    <subfield code="e">rda</subfield>
    <subfield code="c">ERASA</subfield>
    <subfield code="d">YDXCP</subfield>
    <subfield code="d">BTCTA</subfield>
    <subfield code="d">BDX</subfield>
    <subfield code="d">OCLCQ</subfield>
    <subfield code="d">OSU</subfield>
    <subfield code="d">IUL</subfield>
    <subfield code="d">NLGGC</subfield>
    <subfield code="d">OCLCF</subfield>
    <subfield code="d">UBY</subfield>
    <subfield code="d">NGA</subfield>
    <subfield code="d">MZA</subfield>
    <subfield code="d">GRU</subfield>
    <subfield code="d">GUA</subfield>
    <subfield code="d">OCLCA</subfield>
    <subfield code="d">IXA</subfield>
    <subfield code="d">OCLCQ</subfield>
    <subfield code="d">ZEM</subfield>
    <subfield code="d">OCLCQ</subfield>
    <subfield code="d">GZM</subfield>
    <subfield code="d">DEHBZ</subfield>
    <subfield code="d">DLC</subfield>
  </datafield>
  <datafield tag="041" ind1="1" ind2=" ">
    <subfield code="a">eng</subfield>
    <subfield code="h">dut</subfield>
  </datafield>
  <datafield tag="050" ind1="0" ind2="0">
    <subfield code="a">ND653.B65</subfield>
    <subfield code="b">A4 2016b</subfield>
  </datafield>
  <datafield tag="082" ind1="0" ind2="0">
    <subfield code="a">759.9492</subfield>
    <subfield code="2">23</subfield>
  </datafield>
  <datafield tag="110" ind1="2" ind2=" ">
    <subfield code="a">Bosch Research and Conservation Project,</subfield>
    <subfield code="e">author,</subfield>
    <subfield code="e">sponsor.</subfield>
  </datafield>
  <datafield tag="245" ind1="1" ind2="0">
    <subfield code="a">Hieronymus Bosch :</subfield>
    <subfield code="b">painter and draughtsman : catalogue raisonné /</subfield>
    <subfield code="c">Bosch Research and Conservation Project, Matthijs Ilsink, Jos Koldeweij, Ron Spronk, Luuk Hoogstede, Robert G. Erdmann, Rik Klein Gotink, Hanneke Nap, Daan Veldhuizen ; translated by Ted Alkins.</subfield>
  </datafield>
  <datafield tag="264" ind1=" " ind2="1">
    <subfield code="a">Brussels :</subfield>
    <subfield code="b">Bosch Research and Conservation Project :</subfield>
    <subfield code="b">Mercatorfonds,</subfield>
    <subfield code="c">[2016]</subfield>
  </datafield>
  <datafield tag="264" ind1=" " ind2="2">
    <subfield code="a">New Haven :</subfield>
    <subfield code="b">Yale University Press</subfield>
  </datafield>
  <datafield tag="264" ind1=" " ind2="4">
    <subfield code="c">©2016</subfield>
  </datafield>
  <datafield tag="300" ind1=" " ind2=" ">
    <subfield code="a">607 pages :</subfield>
    <subfield code="b">illustrations (chiefly color) ;</subfield>
    <subfield code="c">34 cm</subfield>
  </datafield>
  <datafield tag="336" ind1=" " ind2=" ">
    <subfield code="a">text</subfield>
    <subfield code="b">txt</subfield>
    <subfield code="2">rdacontent</subfield>
  </datafield>
  <datafield tag="336" ind1=" " ind2=" ">
    <subfield code="a">still image</subfield>
    <subfield code="b">sti</subfield>
    <subfield code="2">rdacontent</subfield>
  </datafield>
  <datafield tag="337" ind1=" " ind2=" ">
    <subfield code="a">unmediated</subfield>
    <subfield code="b">n</subfield>
    <subfield code="2">rdamedia</subfield>
  </datafield>
  <datafield tag="338" ind1=" " ind2=" ">
    <subfield code="a">volume</subfield>
    <subfield code="b">nc</subfield>
    <subfield code="2">rdacarrier</subfield>
  </datafield>
  <datafield tag="500" ind1=" " ind2=" ">
    <subfield code="a">Copyright by Bosch Research and Conservation Project.</subfield>
  </datafield>
  <datafield tag="504" ind1=" " ind2=" ">
    <subfield code="a">Includes bibliographical references (pages 584-599) and indexes.</subfield>
  </datafield>
  <datafield tag="520" ind1="8" ind2=" ">
    <subfield code="a">&quot;Compiled by members of the Bosch Research and Conservation Project and published on the 500th anniversary of Hieronymus Bosch&apos;s death, this is the definitive new catalogue of all of Bosch&apos;s extant paintings and drawings. His mastery and genius have been redefined as a result of six years of research on the iconography, techniques, pedigree, and conservation history of his paintings and on his life. This stunning volume includes all new photography, as well as up-to-date research on the individual works. For the first time, the incredible creativity of this late medieval artist, expressed in countless details, is reproduced and discussed in this book. Special attention is being paid to Bosch as an image maker, a skilled draughtsman, and a brutal painter, changing the game of painting around 1500 by his innovative way of working&quot;--Jacket.</subfield>
  </datafield>
  <datafield tag="505" ind1="0" ind2=" ">
    <subfield code="a">Hieronymus Bosch c. 1450-1516 -- What is a Bosch? -- Materials and techniques -- Conservation history and appearance -- Catalogue raisonné. Paintings : Hieronymus Bosch: Saints ; The life of Christ ; The end of time ; Moralities ; Workshop ; Followers ; Workshop or follower -- Drawings : Bosch as draughtsman: Hieronymus Bosch ; Hieronymus Bosch? ; Workshop.</subfield>
  </datafield>
  <datafield tag="600" ind1="1" ind2="0">
    <subfield code="a">Bosch, Hieronymus,</subfield>
    <subfield code="d">-1516</subfield>
    <subfield code="v">Catalogues raisonnés.</subfield>
  </datafield>
  <datafield tag="600" ind1="1" ind2="4">
    <subfield code="a">Bosch, Hieronymus,</subfield>
    <subfield code="d">1450/60-1516.</subfield>
  </datafield>
  <datafield tag="600" ind1="1" ind2="7">
    <subfield code="a">Bosch, Hieronymus,</subfield>
    <subfield code="d">-1516.</subfield>
    <subfield code="2">fast</subfield>
    <subfield code="0">(OCoLC)fst01808982</subfield>
  </datafield>
  <datafield tag="655" ind1=" " ind2="7">
    <subfield code="a">Catalogues raisonnés.</subfield>
    <subfield code="2">fast</subfield>
    <subfield code="0">(OCoLC)fst01920771</subfield>
  </datafield>
  <datafield tag="600" ind1="1" ind2="7">
    <subfield code="a">Bosch, Hieronymus</subfield>
    <subfield code="d">1450-1516</subfield>
    <subfield code="2">gnd</subfield>
    <subfield code="0">(DE-588)11851380X</subfield>
  </datafield>
  <datafield tag="650" ind1="0" ind2="7">
    <subfield code="a">Maltechnik</subfield>
    <subfield code="2">gnd</subfield>
    <subfield code="0">(DE-588)4125812-5</subfield>
  </datafield>
  <datafield tag="650" ind1="0" ind2="7">
    <subfield code="a">Werkstatt</subfield>
    <subfield code="2">gnd</subfield>
    <subfield code="0">(DE-588)4140619-9</subfield>
  </datafield>
  <datafield tag="700" ind1="1" ind2=" ">
    <subfield code="a">Ilsink, Matthijs.</subfield>
  </datafield>
  <datafield tag="700" ind1="1" ind2=" ">
    <subfield code="a">Koldeweij, A. M.</subfield>
  </datafield>
  <datafield tag="700" ind1="1" ind2=" ">
    <subfield code="a">Spronk, Ron.</subfield>
  </datafield>
  <datafield tag="700" ind1="1" ind2=" ">
    <subfield code="a">Hoogstede, Luuk.</subfield>
  </datafield>
  <datafield tag="700" ind1="1" ind2=" ">
    <subfield code="a">Erdmann, Robert G.</subfield>
  </datafield>
  <datafield tag="700" ind1="1" ind2=" ">
    <subfield code="a">Klein Gotink, Rik.</subfield>
  </datafield>
  <datafield tag="700" ind1="1" ind2=" ">
    <subfield code="a">Nap, Hanneke.</subfield>
  </datafield>
  <datafield tag="700" ind1="1" ind2=" ">
    <subfield code="a">Veldhuizen, Daan,</subfield>
    <subfield code="d">1982-</subfield>
  </datafield>
  <datafield tag="700" ind1="1" ind2=" ">
    <subfield code="a">Alkins, Ted,</subfield>
    <subfield code="e">translator.</subfield>
  </datafield>
  <datafield tag="710" ind1="2" ind2=" ">
    <subfield code="a">Fonds Mercator,</subfield>
    <subfield code="e">publisher.</subfield>
  </datafield>
  <datafield tag="856" ind1="4" ind2="2">
    <subfield code="m">V:DE-605</subfield>
    <subfield code="q">application/pdf</subfield>
    <subfield code="u">http://digitale-objekte.hbz-nrw.de/storage2/2017/06/26/file_9/7265989.pdf</subfield>
    <subfield code="3">Inhaltsverzeichnis</subfield>
  </datafield>
</record>