
<record>
  <leader>03990cam a22004337i 4500</leader>
  <controlfield tag="001">18950020</controlfield>
  <controlfield tag="005">20200103150545.0</controlfield>
  <controlfield tag="008">160128s2016    mau      b    001 0 eng  </controlfield>
  <datafield tag="906" ind1=" " ind2=" ">
    <subfield code="a">7</subfield>
    <subfield code="b">cbc</subfield>
    <subfield code="c">orignew</subfield>
    <subfield code="d">1</subfield>
    <subfield code="e">ecip</subfield>
    <subfield code="f">20</subfield>
    <subfield code="g">y-gencatlg</subfield>
  </datafield>
  <datafield tag="925" ind1="0" ind2=" ">
    <subfield code="a">acquire</subfield>
    <subfield code="b">2 shelf copies</subfield>
    <subfield code="x">Sel/ddw, 2016-04-06</subfield>
    <subfield code="z">Assign to Bus RR</subfield>
  </datafield>
  <datafield tag="955" ind1=" " ind2=" ">
    <subfield code="b">rm13 2016-01-28</subfield>
    <subfield code="i">rm13 2016-01-28 ONIX (telework)</subfield>
    <subfield code="w">xl03 2016-01-28</subfield>
    <subfield code="a">xn11 2016-04-04 1 copy rec&apos;d., to CIP ver.</subfield>
    <subfield code="f">rm06 2016-05-04 to CALM</subfield>
  </datafield>
  <datafield tag="010" ind1=" " ind2=" ">
    <subfield code="a">  2015041504</subfield>
  </datafield>
  <datafield tag="020" ind1=" " ind2=" ">
    <subfield code="a">9781629561011 (hardback)</subfield>
  </datafield>
  <datafield tag="020" ind1=" " ind2=" ">
    <subfield code="z">9781629561028 (ebook)</subfield>
  </datafield>
  <datafield tag="020" ind1=" " ind2=" ">
    <subfield code="z">9781629561035 (enhanced ebook)</subfield>
  </datafield>
  <datafield tag="040" ind1=" " ind2=" ">
    <subfield code="a">DLC</subfield>
    <subfield code="b">eng</subfield>
    <subfield code="c">DLC</subfield>
    <subfield code="e">rda</subfield>
    <subfield code="d">DLC</subfield>
  </datafield>
  <datafield tag="050" ind1="0" ind2="0">
    <subfield code="a">HB139</subfield>
    <subfield code="b">.J636 2016</subfield>
  </datafield>
  <datafield tag="082" ind1="0" ind2="0">
    <subfield code="a">646.7001/5195</subfield>
    <subfield code="2">23</subfield>
  </datafield>
  <datafield tag="084" ind1=" " ind2=" ">
    <subfield code="a">BUS021000</subfield>
    <subfield code="a">BUS016000</subfield>
    <subfield code="a">SOC022000</subfield>
    <subfield code="a">BUS019000</subfield>
    <subfield code="2">bisacsh</subfield>
  </datafield>
  <datafield tag="100" ind1="1" ind2=" ">
    <subfield code="a">Johnson, John H.,</subfield>
    <subfield code="e">author.</subfield>
  </datafield>
  <datafield tag="245" ind1="1" ind2="0">
    <subfield code="a">Everydata :</subfield>
    <subfield code="b">the misinformation hidden in the little data you consume every day /</subfield>
    <subfield code="c">John H. Johnson, PhD, and Mike Gluck.</subfield>
  </datafield>
  <datafield tag="250" ind1=" " ind2=" ">
    <subfield code="a">First Edition.</subfield>
  </datafield>
  <datafield tag="264" ind1=" " ind2="1">
    <subfield code="a">Brookline, MA :</subfield>
    <subfield code="b">Bibliomotion, inc.,</subfield>
    <subfield code="c">[2016]</subfield>
  </datafield>
  <datafield tag="300" ind1=" " ind2=" ">
    <subfield code="a">xiii, 206 pages ;</subfield>
    <subfield code="c">24 cm</subfield>
  </datafield>
  <datafield tag="336" ind1=" " ind2=" ">
    <subfield code="a">text</subfield>
    <subfield code="2">rdacontent</subfield>
  </datafield>
  <datafield tag="337" ind1=" " ind2=" ">
    <subfield code="a">unmediated</subfield>
    <subfield code="2">rdamedia</subfield>
  </datafield>
  <datafield tag="338" ind1=" " ind2=" ">
    <subfield code="a">volume</subfield>
    <subfield code="2">rdacarrier</subfield>
  </datafield>
  <datafield tag="500" ind1=" " ind2=" ">
    <subfield code="a">&quot;Why your gas tank isn&apos;t empty, you&apos;re not better than average, and Africa is bigger than you think&quot;--T.p.</subfield>
  </datafield>
  <datafield tag="504" ind1=" " ind2=" ">
    <subfield code="a">Includes bibliographical references (pages 161-192) and index.</subfield>
  </datafield>
  <datafield tag="520" ind1=" " ind2=" ">
    <subfield code="a">&quot;While everyone is talking about &quot;big data,&quot; the truth is that understanding the &quot;little data&quot; (stock reports, newspaper headlines, weather forecasts, etc.) is what will help you make smarter decisions at work, at home, and in every aspect of your life.  The average person consumes approximately 30 gigabytes of data every single day, but has no idea how to interpret it correctly. Everydata explains, through the eyes of an expert economist and statistician, how to correctly interpret all of the small bytes of data we consume in a day. Readers will become effective, skeptical consumers of everyday data.  Everydata is filled with countless examples of people misinterpreting data - oftentimes with catastrophic results:  Millions of women avoid caffeine during pregnancy because they interpret correlation as causation The initial launch of HealthCare.gov failed in part because key decision-makers couldn&apos;t observe all of the data A baby food company was investigated by the Federal Trade Commission for cherry picking data Attorneys faced a $1 billion jury verdict because of outlier data The Space Shuttle Challenger exploded because the engineers were dealing with a limited sample set Hedge fund companies claim they can make smarter predictions - but the market data says otherwise  Each chapter of Everydata highlights one commonly misunderstood data concept, using both real-world and hypothetical examples from a wide range of topics, including business, politics, advertising, law, engineering, retail, parenting, and more. Readers will get the answer to the question - &quot;Now what?&quot; - along with concrete ways they can use this information to immediately start making smarter decisions, today and every day. &quot;--</subfield>
    <subfield code="c">Provided by publisher.</subfield>
  </datafield>
  <datafield tag="520" ind1=" " ind2=" ">
    <subfield code="a">&quot;The average person consumes approximately 30 gigabytes of data every single day, but has no idea how to interpret it correctly. Everydata explains, through the eyes of an expert economist and statistician, how to correctly interpret all of the small bytes of data we consume in a day&quot;--</subfield>
    <subfield code="c">Provided by publisher.</subfield>
  </datafield>
  <datafield tag="650" ind1=" " ind2="0">
    <subfield code="a">Econometrics.</subfield>
  </datafield>
  <datafield tag="650" ind1=" " ind2="0">
    <subfield code="a">Consumer behavior.</subfield>
  </datafield>
  <datafield tag="650" ind1=" " ind2="7">
    <subfield code="a">BUSINESS &amp; ECONOMICS / Econometrics.</subfield>
    <subfield code="2">bisacsh</subfield>
  </datafield>
  <datafield tag="650" ind1=" " ind2="7">
    <subfield code="a">BUSINESS &amp; ECONOMICS / Consumer Behavior.</subfield>
    <subfield code="2">bisacsh</subfield>
  </datafield>
  <datafield tag="650" ind1=" " ind2="7">
    <subfield code="a">SOCIAL SCIENCE / Popular Culture.</subfield>
    <subfield code="2">bisacsh</subfield>
  </datafield>
  <datafield tag="650" ind1=" " ind2="7">
    <subfield code="a">BUSINESS &amp; ECONOMICS / Decision-Making &amp; Problem Solving.</subfield>
    <subfield code="2">bisacsh</subfield>
  </datafield>
  <datafield tag="700" ind1="1" ind2=" ">
    <subfield code="a">Gluck, Mike,</subfield>
    <subfield code="e">author.</subfield>
  </datafield>
  <datafield tag="776" ind1="0" ind2="8">
    <subfield code="i">Online version:</subfield>
    <subfield code="a">Johnson, John H., author.</subfield>
    <subfield code="t">Everydata</subfield>
    <subfield code="b">First Edition.</subfield>
    <subfield code="d">Brookline, MA : Bibliomotion, 2016</subfield>
    <subfield code="z">9781629561028</subfield>
    <subfield code="w">(DLC) 2016004445</subfield>
  </datafield>
</record>